2651 3489
1292 107 1365 190 12

166 267 256 309 Nec
290 271 355 308 est
388 264 509 322 quod
542 266 767 316 miremur,
802 262 1026 321 quomodo
1058 260 1349 315 Timocrates,
1381 271 1536 306 senatu
1563 264 1695 306 misso
1728 265 1982 323 civiumque
2014 268 2301 309 multitudine
2329 256 2389 310 ad
2405 270 2524 314 diem

167 342 329 382 festum
377 339 697 381 celebrandum
744 338 876 394 effusa
925 339 968 379 in
1007 338 1174 380 iudicio
1219 337 1361 394 legem
1390 354 1512 381 suam
1541 340 1660 381 ferre
1699 341 1913 395 potuerit.
1987 342 2083 383 Alia
2122 349 2269 391 tamen
2319 358 2368 385 ex
2414 346 2515 387 loco

168 414 415 456 Pausaniae
448 414 581 454 modo
615 412 795 452 laudato
829 412 931 452 inde
967 413 1166 452 nascitur
1196 410 1453 462 difficultas,
1503 413 1624 467 quod
1670 414 1726 455 ad
1770 429 1920 455 causas
1964 417 2164 456 minimas
2207 423 2252 457 et
2283 412 2519 460 levissimas

170 487 495 543 disceptandas,
530 485 592 527 ἐπ’
621 484 876 539 ἐλαχίστοις,
912 485 1080 526 iudices
1115 499 1167 526 eo
1201 485 1461 527 convenisse
1493 484 1656 538 tradit,
1704 501 1787 528 nec
1818 486 1948 528 facile
1992 488 2228 544 quisquam
2259 504 2330 532 res
2366 489 2524 531 Unde-

170 553 699 615 cimvirorum'capitales
735 560 932 600 minimas
965 560 1099 599 fuisse
1131 559 1386 615 nulliusque
1433 560 1526 600 fere
1570 559 1782 614 ponderis
1818 561 2073 603 contendat.
2143 563 2245 614 Qua
2289 563 2345 606 de
2393 577 2525 605 causa

168 635 389 677 Heffterus
426 638 472 685 ⁸⁷)
504 634 652 675 locum
686 635 747 675 ita
777 633 1002 689 expedisse
1035 633 1118 673 sibi
1150 633 1264 673 visus
1299 640 1383 685 est,
1416 640 1466 673 ut
1495 633 1631 674 verba
1662 632 1727 675 ἐπ’
1756 633 1998 687 ἐλαχίστοις
2032 636 2087 676 de
2119 636 2294 677 minore
2325 637 2526 680 iudicum

171 723 359 750 numero
393 708 594 763 explicet,
629 708 705 764 qui
738 708 781 748 in
816 693 1087 763 Parabyston
1120 708 1532 760 convenerit,'cum
1563 713 1720 750 contra
1750 708 1795 749 in
1815 708 2042 752 H‘eliaeam
2070 710 2295 753 maximam
2327 709 2526 755 indicum

170 798 407 824 numerum
438 782 700 823 confluxisse
733 783 851 823 idem
879 783 1113 822 Pausanias
1147 781 1330 823 affirmet
1348 796 1437 822 non
1463 782 1602 823 multo
1618 790 1720 838 post
1750 784 1896 825 verbis
1922 783 1967 835 ἐς
1997 780 2021 826 ὃ
2049 782 2089 827 οἱ
2118 787 2308 835 πλεῖστοι
2339 786 2523 840 συνίασι.

171 858 261 900 Sed
292 872 448 900 vereor
479 872 535 898 ne
568 858 620 897 ab
655 857 858 897 omnihus
889 857 1122 908 probetur.
1951 837 1961 849 ’
2313 838 2320 843 ’
2371 861 2378 867 “

286 933 407 973 Haec
441 932 496 973 de
529 935 731 989 Apagoge
764 931 819 971 ad
849 930 1205 971 Undecimviros.
1277 933 1583 971 Memor-antur
1629 930 1808 986 quidem
1847 937 2029 986 praeter
2068 932 2184 974 hanc
2227 934 2352 984 aliae,
2399 947 2439 974 v.
2486 948 2522 974 c.

167 1005 373 1060 ἀπαγωγῇ
407 1005 635 1053 κακώσεως
666 1003 866 1060 ὄρφάνών
896 1004 950 1043 ad
981 980 1278 1054 Archontem,
1326 1001 1521 1057 ἀσεβείας
1552 1004 1606 1045 ad
1651 1006 1841 1060 Regem',
1889 1005 2174 1062 συκοφαντίας
2220 1005 2275 1048 ad
2312 1007 2527 1049 Thesmo-

169 1079 326 1128 thetas,
355 1076 572 1129 μετοικίου
604 1078 658 1117 ad
688 1077 874 1117 Poletas.
938 1079 1062 1129 Quae
1108 1091 1214 1117 vero
1259 1091 1395 1133 quum
1442 1091 1531 1117 non
1580 1077 1635 1119 ad
1678 1077 2020 1121 Undecimviros
2069 1080 2345 1137 pertineant,
2390 1080 2527 1123 verba

171 1152 365 1207 attigisse
397 1151 497 1191 satis
533 1158 609 1190 est.

283 1227 379 1266 Alia
416 1224 645 1278 ἀπαγωγῆς
677 1226 790 1265 ratio
824 1231 918 1266 erat
948 1222 975 1278 ἦ
1008 1224 1227 1279 ἔφη’γησις.
1259 1215 1437 1265 Etenim
1466 1226 1543 1267 ubi
1575 1231 1771 1267 actorem
1818 1227 1934 1269 vires
1975 1227 2242 1268 deficiebant
2289 1234 2333 1269 et
2377 1229 2518 1268 robur

169 1301 363 1356 ideoque
397 1300 743 1340 imbecilliorem
774 1314 818 1339 se
852 1314 944 1340 esse
979 1300 1208 1350 sentiebat,
1241 1311 1372 1353 quam
1417 1306 1468 1339 ut
1510 1313 1637 1340 reum
1682 1301 1863 1340 obtorto
1911 1299 2027 1338 collo
2079 1300 2133 1339 ad
2177 1299 2523 1341 Undecimviros

132 1418 135 1419 ⁷
169 1380 363 1428 raperet,
396 1374 545 1413 adibat
576 1373 655 1412 hos
689 1373 963 1427 magistratus
999 1386 1177 1426 eosque,
1211 1372 1309 1411 loco
1343 1371 1554 1424 indicato,
1586 1373 1665 1413 ubi
1697 1372 1973 1413 adversarius
1993 1372 2395 1427 deprehendendus
2414 1379 2527 1414 esset

168 1448 213 1486 in
263 1462 310 1487 re
344 1446 584 1495 manifesta,
618 1446 687 1485 vel
720 1446 796 1485 ubi
829 1446 1111 1484 absconditus
1147 1446 1317 1495 lateret,
1349 1446 1531 1500 rogavit,
1565 1452 1616 1485 ut
1647 1446 1729 1500 ipsi
1762 1459 1864 1486 eum
1893 1447 1976 1500 p'er
2005 1446 2228 1487 ministros
2260 1459 2360 1486 suos
2393 1445 2448 1486 ad
2479 1459 2525 1486 se

169 1520 331 1560 adduci
351 1520 569 1560 iuberent.
593 1518 703 1558 Poll.
722 1519 834 1557 VIII.
869 1519 936 1559 50.
971 1517 1228 1569 ἐφηγεῖσθαι
1259 1516 1304 1556 δέ
1335 1517 1461 1566 ἐστιν,
1494 1514 1595 1557 ὅταν
1623 1533 1688 1565 τις
1719 1518 1780 1557 δι’
1811 1515 2040 1558 ἀσθένειαν
2070 1516 2242 1575 ἆπᾷγειν
2271 1515 2322 1559 οὐ
2349 1515 2526 1573 θαῤῥῶν

168 1590 300 1648 ἐπάγῃ
333 1591 404 1634 τὸν
435 1586 619 1645 ἄρχοντα
652 1589 713 1632 ἐπ’
748 1588 886 1631 οἰκίαν
916 1583 965 1631 οὗ
996 1606 1058 1638 τις
1090 1588 1250 1630 τούτων
1280 1588 1610 1645 ἅποπρύπτεται.
1642 1591 1696 1630 ef.
1742 1592 1867 1631 Dem.
1914 1592 1965 1631 11.
2008 1606 2046 1632 c.
2091 1576 2279 1647 Aristog.
2325 1593 2423 1641 803,
2458 1593 2524 1634 15-

173 1682 210 1705 e.
245 1667 428 1705 Androt.
463 1666 561 1713 601,
598 1667 661 1707 19.
700 1664 750 1717 ³⁸)
799 1665 1006 1703 Ceterum
1047 1678 1134 1702 non
1182 1664 1325 1702 minus
1373 1677 1505 1719 quam
1550 1663 1594 1702 in
1640 1660 1870 1719 ἀπαγωγῆς
1899 1665 2075 1707 actione
2105 1665 2527 1707 Undecimvirorum

162 1788 228 1830 37)
256 1786 410 1820 Heffter.
439 1796 475 1832 p
505 1786 567 1822 60.
597 1784 650 1819 Ex
692 1794 776 1821 mea
801 1784 992 1820 sententia
1024 1783 1118 1820 haec
1151 1784 1265 1821 verba
1292 1786 1496 1822 Pausaniae
1527 1788 1575 1823 de
1604 1789 1744 1824 minori
1773 1788 1942 1824 iudicum
1957 1801 2114 1823 numero
2132 1790 2297 1836 intelligi
2313 1796 2523 1836 nequeunt

272 1854 407 1888 Obstat
436 1854 538 1887 enim
566 1853 690 1900 graeci
718 1853 900 1887 sermonis
930 1853 1037 1895 ratio,
1069 1865 1088 1887 e
1118 1865 1191 1899 qua
1219 1854 1278 1889 ἐπί
1306 1854 1505 1899 ἐλαχίστοις
1530 1857 1584 1890 sic
1612 1857 1786 1891 absolute
1813 1859 1980 1902 positum
2007 1857 2120 1891 modo
2137 1869 2207 1903 per
2223 1869 2308 1891 voc,
2326 1857 2526 1905 πράγμασι

273 1922 455 1968 explicari
482 1926 620 1968 potcst-
640 1920 790 1954 Rectius
821 1919 974 1966 quidcm
1003 1932 1034 1955 v.
1065 1918 1186 1960 δίκαις
1202 1920 1313 1967 ‚apud
1339 1927 1505 1957 mentem
1533 1924 1791 1968 intellexerim
1818 1931 1907 1959 sunt
1931 1937 2019 1960 vero
2038 1927 2078 1958 in
2094 1925 2167 1958 hoc
2184 1926 2333 1971 generis
2350 1926 2533 1958 neutrius·

271 2001 353 2028 usu,
398 1990 464 2033 qui
500 1989 657 2020 maxime
701 1989 870 2019 cernitur
913 1988 952 2019 in
989 1987 1279 2039 pronominibus
1323 1988 1626 2026 demonstrativis
1663 1989 1745 2034 (cfr.
1783 1990 1933 2027 Jacobs.
1981 1990 2029 2026 nd
2075 1989 2211 2027 Achill.
2256 1991 2340 2026 Tat.
2369 2005 2405 2037 p-
2435 1989 2521 2027 543.

269 2059 426 2101 Kriiger.
444 2057 491 2088 ad
519 2058 674 2099 Dionys'.
704 2056 926 2100 Historiogr.
957 2066 993 2100 p.
1024 2058 1112 2099 22),
1127 2055 1255 2100 paullo
1273 2056 1472 2091 liberiores
1491 2061 1684 2109 et—poetae
1703 2062 1742 2098 et
1767 2057 1926 2104 prunarii
1941 2057 2144 2105 scriptores
2163 2056 2403 2093 Graecorum.
2432 2056 2520 2092 Vid.

267 2125 360 2156 Plat.
392 2124 437 2156 de
468 2125 561 2169 legg.
590 2125 650 2156 XI.
679 2135 715 2168 p.
748 2126 833 2159 537.
864 2124 906 2155 D.
937 2125 996 2157 καὶ
1026 2122 1070 2165 (515
1097 2125 1157 2156 καὶ
1186 2122 1266 2166 δίκη
1294 2126 1373 2162 πῶς
1401 2115 1442 2159 od
1468 2124 1591 2166 καλὸν,
1621 2123 1641 2160 ὁ
1667 2123 1808 2165 πάντας
1834 2125 2067 2174 »infecundas
2094 2124 2326 2172 ἀνθρώπινα.
2344 2123 2515 2170 Xenoph.

269 2193 387 2225 Anah.
429 2194 494 2225 ΙΙΙ.
535 2196 579 2232 2,
619 2195 678 2227 22.
718 2193 753 2224 εἰ
794 2190 835 2224 δὲ
874 2193 978 2224 ταῦτα
1013 2190 1085 2236 μὲν
1110 2189 1326 2236 γιγνώσκετε
1355 2188 1408 2225 ὅτι
1435 2188 1749 2238 οὕτωαρείπονα,
1775 2192 1859 2232 τοὺς
1886 2191 1928 2230 δὲ
1953 2193 2145 2241 ποταμούς
2169 2190 2316 2240 ἄπορον
2356 2193 2520 2240 νομίζετε

269 2259 366 2293 εἶναι
405 2260 428 2290 i.
459 2272 495 2304 q.
525 2258 671 2305 ἄπορον
695 2260 830 2305 χρῆμα.
860 2259 915 2290 De
933 2259 1068 2302 poetis
1098 2268 1213 2290 unum
1242 2257 1482 2292 Schacferum
1510 2257 1682 2293 laudasse
1717 2257 1877 2294 sufficiat
1912 2259 1959 2294 ad
1996 2258 2191 2295 Theocrit.
2221 2272 2258 2306 p.
2301 2261 2394 2297 219.
2441 2260 2519 2294 Iam

269 2328 386 2373 igitur
412 2328 525 2359 verba
555 2320 760 2360 Pausaniae
789 2326 834 2358 dc
864 2326 951 2358 loco
983 2325 1169 2370 intelligo,
1200 2325 1265 2370 qui
1294 2335 1362 2370 per
1389 2336 1428 2358 se
1457 2326 1530 2359 iam
1561 2324 1743 2361 obscurus
1772 2331 1886 2373 atque
1915 2328 1955 2362 in
1982 2328 2089 2362 nullo
2117 2327 2262 2362 honore
2290 2327 2337 2362 ab
2366 2327 2427 2370 iis,
2451 2329 2518 2374 qui

270 2402 378 2429 erant
407 2397 444 2428 in
474 2395 567 2428 urbe
596 2393 648 2439 (οἱ
674 2392 859 2431 συνιόνιες
886 2394 925 2428 ἐκ
951 2396 1009 2436 τῆς
1037 2392 1192 2436 πόλεως)
1222 2391 1332 2426 modo
1362 2393 1548 2429 rarissime
1588 2394 1646 2437 (in
1685 2393 1756 2429 den
1796 2395 2100 2442 allerwem'gsten
2137 2395 2280 2439 Fiillen)
2313 2396 2518 2439 visebatur,

262 2465 340 2498 sive
372 2464 419 2497 ob
449 2463 658 2509 spectaculi
687 2461 964 2508 turpitudinem
991 2463 1069 2495 sive
1099 2461 1146 2495 ob
1176 2462 1346 2506 nimium,
1377 2462 1481 2510 quod
1517 2464 1618 2499 inter
1653 2464 1775 2511 ipsum
1821 2470 1935 2512 atque
1971 2464 2094 2499 forum
2137 2464 2383 2500 interiectum
2423 2468 2515 2506 erat,

263 2534 518 2567 intervallum.
547 2532 618 2565 Hic
647 2542 735 2564 usus
762 2531 1060 2576 praepositionis
1090 2531 1153 2565 ἐπὶ
1179 2542 1258 2564 non
1286 2532 1445 2566 multum
1475 2543 1495 2565 a
1522 2532 1636 2567 solita
1664 2532 1819 2568 dicendi
1848 2532 1997 2567 ratione
2025 2529 2214 2567 abhorret.
2256 2529 2345 2567 Viti.
2387 2530 2515 2578 Eurip.

265 2602 499 2647 lphig.„Aul.
531 2599 617 2637 542.
647 2601 696 2637 ὦς
724 2601 782 2634 ἐπ’
812 2601 1012 2644 ἐλαχίστοις
1040 2588 1218 2645 δακρύοις
1243 2599 1398 2646 πράσσω
1425 2604 1556 2638 κακῶς.
1585 2600 1652 2643 eft.
1690 2591 1876 2634 Matthiae
1921 2598 2123 2634 Grammat.
2166 2598 2299 2635 Graec.
2328 2598 2372 2632 Τ.
2401 2599 2448 2633 ΙΙ.
2477 2609 2516 2645 Ρ.
2537 2637 2547 2648 Ι

273 2670 385 2705 1167.
416 2668 521 2701 Idem
551 2669 628 2701 sere
659 2672 759 2700 essct
786 2665 1020 2711 τούλάχιστον
1047 2666 1147 2710 apud
1174 2667 1328 2700 Lucian.
1359 2666 1406 2700 de
1435 2667 1611 2701 Mercede
1641 2667 1760 2701 Cond.
1781 2666 1839 2702 14.
1862 2667 1959 2701 Sunt
1986 2672 2125 2710 tamen,
2154 2666 2224 2701 hac
2253 2676 2409 2714 quoque
2455 2676 2517 2698 ex-

262 2732 475 2784 plicatione
505 2735 676 2777 admissa,
705 2746 801 2781 quae
831 2745 891 2768 me
919 2733 1015 2767 male
1044 2732 1210 2768 habeant
1237 2735 1277 2767 in
1305 2734 1390 2768 loco
1419 2735 1622 2768 Pausaniae
1650 2734 1767 2780 idque
1796 2735 1989 2780 inprimis,
2018 2735 2123 2781 quod
2150 2735 2253 2768 idem
2279 2735 2440 2779 scriptor
2467 2734 2515 2767 de

262 2784 444 2845 Heliaea‚
489 2802 680 2845 Palladio,
722 2800 932 2848 Delphinio
977 2800 1138 2847 aliisque
1181 2800 1335 2835 iudiciis
1371 2799 1502 2844 paullo
1539 2799 1695 2834 uberius
1734 2812 1845 2846 agens
1882 2800 2237 2834 Undecimvirorum
2281 2800 2388 2832 nullo
2426 2800 2513 2832 loco

267 2870 443 2904 disertam
486 2870 624 2904 fecerit
649 2869 894 2903 mentionem.
925 2866 1032 2914 Quid
1060 2866 1106 2900 de
1135 2865 1171 2900 h.
1200 2865 1225 2899 l.
1255 2864 1479 2899 Siebelisius
1517 2866 1712 2909 statuerit,
1755 2866 1894 2902 addere
1937 2879 2015 2901 non
2042 2879 2263 2914 possumus,
2300 2878 2414 2913 quum
2444 2866 2514 2901 hac

266 2937 436 2972 editione
466 2948 670 2972 careamus.
700 2936 796 2971 Tum
824 2937 876 2978 is,
904 2936 971 2983 qni
1000 2945 1121 2980 nuper
1149 2944 1206 2968 res
1236 2934 1415 2979 antiquae
1444 2932 1629 2969 Graeciae
1658 2935 1782 2981 amplo
1824 2936 2095 2970 commentario
2125 2935 2314 2968 illustrare
2361 2935 2513 2980 coepit,

260 3006 432 3048 Krusius,
458 3006 663 3040 Pausaniae
679 3005 806 3040 locum
825 3004 979 3051 quidem
999 3001 1316 3043 commemoravit,
1333 3001 1392 3044 (T.
1407 3001 1454 3036 11.
1468 3002 1503 3036 P.
1525 3004 1557 3037 1.
1571 3014 1605 3047 p.
1622 3004 1734 3046 139),
1765 3004 2059 3049 explicationem
2074 3015 2164 3037 vero
2182 3002 2350 3037 adiicere
2370 3003 2509 3037 omisit.

157 3076 222 3119 38)
250 3074 338 3108 Non
366 3074 622 3119 permutanda
644 3079 701 3108 est
728 3073 822 3108 haec
851 3072 1025 3119 ἐφῆγησις
1054 3083 1137 3106 cum
1166 3069 1359 3116 ύφηγὴσει,
1388 3068 1492 3115 quod
1520 3068 1660 3103 factum
1689 3081 1769 3104 esse
1798 3075 1955 3116 apparet
1983 3071 2024 3104 in
2051 3070 2169 3115 Etym.
2188 3070 2247 3104 VM·
2274 3069 2371 3111 403,
2401 3071 2461 3104 23.
2492 3080 2513 3101 a

262 3143 412 3184 Photio,
441 3142 571 3183 suida,
601 3144 752 3176 Zonara.
784 3142 885 3175 lianc
915 3141 1080 3187 explicat
1106 3140 1192 3173 Lex.
1224 3137 1330 3172 ubet.
1360 3139 1449 3178 312,
1476 3138 1537 3173 31.
1567 3137 1743 3185 ὑφήγησις
1779 3138 1860 3181 δίκη
1897 3139 1994 3174 ἐστὶν
2015 3140 2248 3187 ·εἰσαγομένη
2283 3156 2330 3164 -
2369 3134 2391 3179 ἢ
2427 3135 2512 3173 ὅταν

258 3218 329 3246 τῶν
356 3211 544 3259 δημοσίων
570 3223 603 3244 τι
630 3213 792 3256 κατέχειν
820 3223 872 3249 τις
899 3209 988 3257 δοκῇ
1014 3209 1147 3256 κρύφα.
1175 3207 1262 3241 vid.
1292 3206 1423 3242 Meier.
1454 3211 1492 3240 et
1521 3204 1746 3242 Schomann.
1777 3220 1813 3252 p.
1843 3195 1929 3244 2'46.
