2651 3489
122 265 301 319 ἕνδεκα,·
335 268 420 310 hoc
455 284 544 310 non
577 270 637 311 ita
669 269 824 311 dixisse
853 270 1076 326 putandus
1111 278 1189 323 est,
1222 278 1272 314 ut
1302 287 1452 316 servus
1483 252 1658 316 futurus
1691 287 1785 317 esse
1816 274 1899 317 sibi
1932 275 2155 325 videntum
2199 282 2244 318 et
2275 277 2310 321 si
2341 278 2479 321 vineti

123 343 216 397 lege
250 358 272 381 a
306 344 606 384 Demosthene
639 359 675 383 c.
710 344 861 399 Stepb.
881 360 926 401 p.
951 347 1075 395 1133,
1094 348 1249 390 7—13.
1283 355 1452 389 servata
1484 353 1745 390 testamenta
1775 350 1922 390 facere
1955 357 1998 392 et
2027 352 2213 393 heredes
2247 353 2476 394 nominare

122 423 345 470 vetantur,
380 433 430 459 ea
464 419 517 459 de
550 434 680 459 causa
715 434 803 460 non
837 420 950 461 servi
983 420 1086 460 facti
1120 427 1233 462 sunt.
1271 422 1324 478 ¹⁵)
1355 423 1590 466 Timebant
1618 424 1920 474 Athenienses,
1954 439 2008 465 ne
2042 426 2117 481 qui
2151 425 2336 467 civitatis
2352 426 2478 467 debi-

119 496 242 532 tores
279 498 437 542 essent,
471 507 538 533 res
571 506 671 534 suos
705 493 759 535 ad
795 494 901 536 alios
934 496 1229 537 transferrent
1260 502 1305 538 et
1334 497 1418 553 ipsi
1449 511 1495 540 se
1526 498 1767 561 privarent,
1800 499 1919 539 unde
1954 497 2070 538 cives
2104 487 2266 539 damna
2297 514 2320 540 a
2352 499 2473 540 malis

119 563 374 606 hominibus
408 572 591 620 accepta
624 568 908 609 resarcirent.

236 639 323 680 Iam
356 654 403 680 ex
436 639 500 691 iis,
542 656 655 695 quae
688 641 821 683 modo
861 648 1201 686 commemorata
1239 650 1355 697 sunt,
1393 643 1609 701 sequitur,
1646 641 1973 688 Undecimviris
2015 645 2100 685 hoc
2131 658 2289 687 munus
2328 647 2474 700 fuisse,

117 718 167 752 ut
200 713 467 766 supplicium
499 714 553 755 de
588 716 742 770 capitis
775 717 987 758 damnatis
1021 725 1257 759 sumerent.
1308 719 1371 759 Csf.
1403 720 1501 759 Lex.
1534 719 1715 776 Seguer.
1748 720 1791 759 in
1825 720 1959 761 Bekk.
1990 720 2203 761 Anecdot.
2238 723 2267 761 l.
2300 737 2342 776 p·
2378 724 2472 773 192,

117 786 181 831 19.
215 784 312 840 mel
341 785 425 827 τῶν
456 784 623 829 ἕνδεκα·
656 782 772 831 οὗτοι
801 788 1042 844 τεταγμένοι
1072 785 1184 846 ἦσαν
1215 790 1287 833 ἐπὶ
1315 791 1399 833 τῶν
1430 791 1775 847 κατακριθέντων
1803 790 1989 850 θανάτῳ.
2021 793 2152 834 Unde
2185 794 2368 845 iudices,
2396 796 2472 851 qui

113 861 266 899 mortis
298 875 491 914 poenam
523 862 742 919 infligunt,
775 864 987 905 dicuntur
1017 865 1287 921 παραδοῦναι
1317 867 1408 915 τοῖς
1453 864 1628 916 ἕνδεκα,
1682 866 1732 921 ¹⁶)
1777 866 1963 906 malefici
2005 882 2111 907 vero
2156 867 2470 924 παραδοθῆναι,

111 932 432 975 Undecimveri
464 952 571 975 vero
604 938 685 992 ipsi
718 938 1067 994 παραλαμβάνειν
1099 946 1142 979 et
1173 938 1402 993 λαμβάνειν
1431 938 1507 980 καί
1537 934 1660 993 ἄγειν,
1692 942 1804 980 Xen.
1839 940 1949 980 Hell.
1970 942 2029 981 Vll.
2048 942 2087 990 3,
2106 941 2174 984 54.
2192 941 2470 996 Supplicium

110 1022 217 1047 vero
253 1024 305 1049 eo
337 1016 537 1066 tempore
573 1014 834 1053 sumendum
867 1016 1095 1066 curabant,
1130 1030 1219 1071 quo
1254 1015 1421 1054 iudices
1458 1015 1502 1055 id
1533 1016 1761 1064 sententiis
1802 998 2122 1062 decreverant3
2155 1017 2208 1056 cf.
2241 1016 2395 1057 Aesch.
2428 1030 2465 1056 c.

112 1082 223 1120 Tim·
256 1083 596 1138 p-42.⁴r÷·9vdtw
629 1086 899 1143 “¹33²7'b‘8902'5
933 1091 1054 1146 quod
1086 1091 1121 1130 si
1154 1105 1242 1129 non
1262 1091 1566 1140 decreverant,
1584 1090 1804 1139 videbant,
1818 1097 1867 1129 ut
1886 1106 2013 1144 quam
2041 1090 2232 1144 p‘rimum
2249 1106 2468 1132 venenum

105 1155 361 1208 haurirent,
407 1161 484 1215 qui
521 1163 689 1213 mortis,
707 1164 897 1203 damnati
933 1172 1090 1204 essent.
1152 1168 1206 1204 At
1236 1166 1415 1204 minime
1445 1166 1638 1220 aliquem
1675 1165 2003 1223 interficiebant.
2043 1151 2197 1204 dieb-us
2230 1166 2369 1215 festis,
2415 1172 2465 1205 ut

106 1245 215 1271 nave
234 1247 356 1272 sacra
376 1236 536 1275 Delum
567 1238 695 1277 missa
726 1240 795 1278 vel
828 1241 921 1279 aliis
956 1241 1125 1291 diebus,
1147 1242 1306 1296 quibus
1339 1241 1464 1280 triste
1497 1239 1665 1294 aliquid
1684 1239 1888 1279 accidere
1920 1239 2076 1294 religio
2098 1235 2204 1279 e'rat.
2232 1239 2446 1280 Vid.P1at

99 1304 263 1346 Phaed.
296 1324 336 1362 p.
371 1311 439 1351 58.
472 1311 520 1351 B.
554 1312 722 1351 Criton.
757 1313 850 1352 init.
914 1314 960 1353 Si
994 1314 1188 1369 denique
1233 1314 1338 1353 fides
1369 1313 1572 1354 habenda
1614 1319 1683 1359 est(
1707 1313 1842 1353 Dioni
1884 1313 2195 1368 Chrysostomo
2233 1317 2280 1365 ¹⁷)
2312 1328 2458 1370 quem·

100 1392 239 1419 unum
284 1387 513 1423 auctorem
545 1386 786 1440 sequimur,
836 1388 939 1442 quia
985 1389 1275 1428 Athenienses
1324 1389 1488 1429 nullam
1535 1388 1899 1428 coniunctionem
1946 1401 2038 1428 esse
2070 1375 2295 1428 ·volebant
2340 1389 2459 1428 inter

104 1452 327 1494 civitatem
375 1463 419 1496 et
451 1459 605 1512 capitis
638 1460 904 1511 damnatum,
938 1468 1071 1516 atque
1105 1463 1243 1501 civem
1276 1462 1427 1501 mortis
1459 1475 1604 1516 poena
1636 1462 1811 1502 afficere
1847 1468 2086 1502 extremum
2117 1462 2332 1501 malorum
2364 1475 2456 1502 esse

98 1529 331 1580 putabant,
350 1533 527 1573 nomina
547 1548 715 1586 eorum,
736 1535 812 1590 qui
837 1542 979 1576 morte
1012 1535 1256 1577 mulctandi
1289 1543 1428 1587 erant,
1461 1543 1698 1592 antequam
1729 1536 1813 1592 ipsi
1846 1536 2046 1578 carnifici
2077 1535 2375 1588 traderentur,
2408 1549 2457 1577 ex

100 1599 201 1642 albo
236 1603 399 1645 civium
432 1605 709 1649 delebantur.
774 1608 905 1661 Quod
940 1609 1119 1664 quidem
1153 1606 1328 1650 nonnisi
1360 1622 1442 1663 per
1472 1609 1814 1653 Undecimviros
1846 1610 2011 1651 factum
2045 1623 2136 1651 esse
2167 1610 2357 1651 videtur.

215 1676 532 1722 Tristissimum
564 1682 698 1738 igitur
731 1700 779 1725 ex
810 1683 881 1735 iis,
917 1698 1029 1738 quae
1061 1682 1192 1725 modo
1227 1682 1446 1738 disputata
1478 1687 1591 1734 sunt,
1625 1688 1720 1723 erat
1746 1696 1907 1723 munus
1940 1683 2379 1731 Undecimvirorum;
2413 1690 2456 1724 at

94 1752 223 1805 longe
256 1753 423 1794 tristius
472 1757 636 1797 factum
668 1758 844 1807 suisset,
885 1759 919 1798 si
953 1758 1087 1798 iidem
1118 1760 1202 1799 viri
1239 1758 1483 1799 seeundum
1528 1756 1725 1796 instituta
1757 1755 2090 1797 Atheniensium
2122 1757 2204 1811 ipsi
2241 1757 2453 1798 damnatis

93 1841 246 1865 manus
281 1829 466 1869 iniicere
500 1832 769 1871 debuissent.
835 1833 966 1882 Quod
1000 1849 1135 1886 quum
1167 1831 1465 1887 vixringenuis
1497 1829 1600 1871 viris
1634 1835 1677 1871 et
1709 1823 1959 1871 liberrlmae
1991 1829 2264 1886 reipublicae
2283 1831 2451 1873 civibus

93 1900 194 1939 satis
230 1900 412 1954 dignum
444 1918 536 1943 esse
570 1904 809 1955 videretur,
844 1905 956 1944 hanc
992 1905 1057 1945 rei
1089 1905 1309 1944 tristitiam
1341 1905 1629 1945 Athenienses
1664 1905 1721 1944 ita
1753 1893 2083 1960 mitigaverunt,⁸
2107 1910 2170 1955 ut,
2203 1903 2452 1945 ubiUnde-

91 1973 378 2014 cimvirorum
409 1976 569 2015 auxilio
602 1992 711 2032 opus
746 1985 878 2029 esset,
913 1994 984 2019 eos
1019 1980 1133 2033 ipsos
1167 1980 1347 2034 quidem
1379 1979 1591 2019 interesse
1624 1984 1873 2033 oporteret,
1908 1977 1985 2019 sed
2020 1977 2313 2018 circumdatos
2347 1978 2449 2018 satis

87 2063 243 2102 magno
278 2051 594 2102 ministrorum,
628 2053 879 2101 satellitum,
912 2054 1281 2107 pedissequorum
1317 2067 1513 2102 numero,
1546 2067 1628 2107 per
1660 2067 1768 2107 quos
1800 2051 1853 2092 τὰ
1880 2051 1985 2103 μετὰ
2014 2051 2148 2098 ταῦτα
2186 2051 2285 2091 fieri
2317 2064 2448 2091 cura-

86 2130 199 2161 rent.
261 2126 368 2164 Nam
400 2126 434 2164 si
465 2126 720 2180 Xenophon
760 2127 809 2180 ¹⁰)
843 2127 1069 2181 Satyrum,
1110 2141 1246 2165 unum
1279 2141 1326 2165 ex
1370 2125 1722 2185 Undecimviris,
1767 2125 1909 2179 ipsum
1942 2140 2094 2165 manus
2128 2125 2172 2165 in
2204 2125 2448 2166 Therame-

87 2211 187 2236 nem
213 2198 416 2239 iniecisse
441 2216 631 2254 eumque
666 2216 714 2240 ex
747 2201 871 2240 altari
893 2201 1126 2241 detraxisse
1161 2206 1321 2249 narrat,
1352 2199 1437 2240 hoe
1471 2200 1612 2241 eidem
1633 2200 1689 2240 ita
1720 2206 1900 2253 praeter
1930 2188 2098 2240 morem
2131 2205 2175 2240 et
2204 2203 2445 2247 consuetu-

83 2271 233 2311 dinem
267 2275 482 2313 maiorum
515 2275 679 2313 factum
712 2288 804 2313 esse
838 2274 1026 2323 videtur,
1060 2280 1108 2313 ut
1127 2274 1168 2313 id
1189 2274 1363 2313 silentio
1397 2287 1485 2312 non
1513 2272 1889 2327 praetereundum
1922 2287 2014 2312 esse
2047 2278 2266 2327 censeret.
2299 2261 2442 2312 Tanta

84 2349 200 2387 enim
234 2350 316 2387 suit
349 2349 547 2388 seditiosi
579 2348 766 2387 hominis
801 2348 1054 2397 crudelitas,
1087 2353 1206 2386 tanta
1241 2349 1281 2386 in
1318 2347 1605 2396 adversarios,
1639 2347 1743 2385 licet
1761 2346 1947 2399 optimos
1969 2346 2082 2385 viros
2096 2351 2145 2385 ‘et
2165 2345 2439 2399 reipublicae

81 2424 413 2473 amantissimos,
446 2423 671 2462 saeviendi
719 2417 960 2475 cupiditas]
994 2428 1041 2460 ut
1074 2436 1162 2460 non
1196 2421 1443 2469 dubitaret,
1476 2409 1728 2469 servorum,
1763 2433 1953 2473 quorum
1984 2417 2070 2457 hoc
2105 2424 2221 2467 erat,
2253 2431 2439 2458 munere

81 2504 124 2537 et
156 2511 291 2551 opera
326 2498 459 2552 fungi.
522 2497 757 2536 Praeterea
793 2497 875 2535 hoc
909 2496 1072 2534 factum
1106 2509 1197 2535 esse
1232 2495 1305 2532 illo
1338 2500 1537 2547 tempore
1569 2494 1742 2543 scimus,
1777 2508 1865 2547 quo
1897 2492 2215 2545 rempublicam
2249 2507 2272 2532 e
2304 2507 2440 2546 repu-

74 2570 192 2611 blica
224 2572 318 2612 fere
348 2573 536 2612 electam.
569 2578 611 2612 et
632 2572 857 2611 civitatem
887 2583 1134 2625 paucorum
1167 2569 1395 2607 hominum
1415 2569 1600 2608 arbitrio
1623 2567 2008 2607 commissam-esse
2029 2567 2216 2622 optimus
2237 2566 2428 2622 quisque

78 2783 139 2828 15)
170 2785 300 2817 Meier.
336 2790 375 2817 et
402 2783 552 2817 Schom.
583 2796 617 2829 p.
649 2785 709 2819 68.
741 2783 819 2817 obs.
856 2783 911 2819 16.

75 2854 137 2895 16')
166 2852 445 2886 Demosthenes
478 2853 517 2886 in
548 2851 680 2886 eadem
708 2853 986 2897 significatione
1017 2852 1139 2886 utitur
1158 2847 1274 2884 verbo
1293 2848 1543 2897 παραδοῦναι,
1561 2847 1667 2882 nulla
1684 2846 1811 2881 addita
1828 2850 1899 2882 ταῖν
1915 2843 2046 2881 ἕνδεκα
2063 2843 2432 2879 commemoratione.

178 2920 253 2953 vid.
274 2932 303 2953 c.
336 2921 497 2966 Aristog.
529 2922 555 2953 1.
587 2932 622 2965 p.
656 2921 739 2955 781.
772 2922 804 2954 2.
837 2919 907 2952 cfr.
938 2920 1016 2963 Lys.
1049 2930 1078 2951 c.
1110 2919 1255 2964 Agorat.
1285 2918 1372 2959 490,
1406 2919 1462 2952 16.
1496 2923 1534 2950 ct
1561 2915 1656 2949 adde
1686 2913 1904 2948 Boissonad.
1936 2912 1981 2945 ad
2010 2914 2231 2946 Aristaenet.
2261 2923 2296 2957 p.
2320 2913 2405 2947 737.

73 2987 133 3035 17)
166 2987 272 3021 Orat.
303 2986 531 3034 Rho‹liac.p.
569 2990 654 3024 611.
686 2989 723 3020 R.
754 2988 902 3027 Eorum,
932 2988 996 3032 qui
1026 2986 1181 3031 publiea
1210 2987 1339 3018 mortis
1368 2985 1750 3030 poenamulctantnr‚
1781 2982 1959 3028 πρότερον
1985 2982 2024 3014 τὸ
2052 2981 2170 3025 ὄνομα
2197 2981 2431 3024 ἐξαλείφεται.

176 3060 275 3094 τίνος
311 3055 436 3098 &remu
473 3056 554 3094 ἑνός
590 3057 684 3103 μὲν,
723 3055 823 3093 ὅπως
857 3059 982 3101 μηκέτι
1021 3055 1144 3087 δοκῶν
1171 3055 1314 3094 πολίτης
1357 3052 1453 3086 εἶναι
1481 3054 1604 3098 πάσχῃ
1632 3065 1664 3085 τι
1692 3052 1850 3090 τοιοῦτο,
1887 3048 1961 3082 ἀλλ’
1989 3049 2039 3085 ὠς
2066 3045 2221 3081 δυνατὸν
2247 3044 2432 3094 ἀλλότριος

171 3124 341 3168 γεγονώς
368 3124 437 3155 κτλ.
471 3123 514 3154 cf.
546 3124 676 3155 Meier.
708 3122 754 3155 de
785 3123 875 3154 Bou.
907 3123 1122 3153 Damnator.
1153 3132 1188 3164 p.
1224 3122 1279 3155 19.
1313 3119 1390 3152 obs.
1419 3118 1481 3155 47.
1503 3125 1559 3151 as

66 3192 129 3234 28)
166 3190 337 3236 Xenoph.
370 3191 466 3223 Hell.
499 3192 545 3224 11.
577 3192 613 3231 3,
642 3193 702 3226 55.
732 3192 781 3229 ὠς
809 3190 849 3225 δὲ
878 3192 985 3224 ταῦτα
1011 3188 1118 3222 εἶπεν
1146 3186 1210 3231 (sc.
1240 3188 1259 3220 ὁ
1288 3190 1454 3233 Κριιίας)
1482 3181 1577 3221 εἷλκε
1605 3185 1676 3221 μὲν
1703 3171 1778 3220 cim}
1804 3185 1869 3218 τοῦ
1892 3184 2019 3230 βωμοῦ
2046 3182 2064 3218 ὁ
2092 3182 2278 3228 Σάτυρος,
2306 3173 2429 3217 εἷλκον

169 3259 209 3294 δὲ
244 3261 279 3294 οἱ
308 3260 495 3306 ὑπηρέται.
