2651 3489
1276 57 1325 132 ‘5

135 220 201 260 in·
230 218 384 272 sasque
414 220 666 257 retenturos
699 228 791 255 esse
823 229 909 255 non
943 216 1224 269 pollicentur.
1256 216 1344 256 Sed
1376 215 1497 271 quod
1527 213 1814 255 Athenienses
1839 214 2027 254 alterum
2043 216 2269 266 timebant,
2287 216 2475 256 alterum

132 289 426 346 vero,‘quum
455 293 570 328 esset
599 288 729 344 longe
761 288 1087 344 gravissimum,
1131 301 1223 327 non
1253 288 1498 338 timebant,
1546 286 1809 342 inde-sequi
1840 287 1946 326 mihi
1978 287 2165 338 videtur,
2194 289 2476 329 vinculorum

82 370 92 385 ’-
133 378 325 421 poenam
370 374 461 401 non
505 360 565 400 ita
614 374 743 415 saepe
776 361 1014 417 irrogatam
1044 373 1151 400 esse.
1210 359 1446 400 Praeterea
1478 360 1639 417 legitur
1670 360 1851 415 quidem
1883 360 1927 398 in
1959 360 2163 415 ampliori
2195 362 2474 402 iurisiurandi

134 437 338 485 formula,
370 435 636 490 ψηφιεῖσθαι
664 421 850 482 iudices,
882 430 982 489 περὶ
1011 425 1070 474 ὧν
1096 431 1156 488 μή
1185 432 1268 475 εἶσι
1296 432 1427 486 νόμοι,
1458 430 1600 492 γνώμῃ
1630 433 1681 489 τῇ
1711 430 1963 490 δικαιοτάτῃ.
2014 436 2071 474 At
2101 433 2136 474 si
2169 434 2267 488 quis
2298 435 2383 474 hoc
2416 436 2475 474 ita

134 507 423 563 interpretari
465 507 627 556 vellet,
673 506 797 561 quasi
843 507 943 546 data
990 513 1103 546 esset
1144 507 1364 546 iudicibus
1412 508 1656 562 quemlibet
1701 508 1745 545 in
1777 520 2002 547 carcerem
2035 507 2306 549 coniiciendi
2338 508 2476 547 libera

133 584 333 633 facultas,
366 594 515 620 nonne
547 580 581 619 is
613 581 760 620 omnia
790 582 943 620 videre
973 596 1101 635 posse
1131 570 1255 621 recte
1287 581 1537 622 diceretur?
1596 583 1729 632 Quod
1761 597 1868 621 vero
1915 589 2138 621 senatores
2187 582 2474 620 iureiurando

136 655 411 698 cohibendos
442 665 536 695 esse
568 655 810 695 censebant
839 655 1146 705 Athenienses,
1177 669 1241 715 ne.
1264 661 1431 695 temere
1464 655 1635 695 civibus
1668 655 1917 694 libertatem
1948 655 2207 705 adimerent,
2242 656 2390 694 nescio
2423 671 2477 693 an

139 744 192 772 eo
225 730 411 770 consilio
444 728 490 768 id
521 729 675 768 fecisse
707 729 1081 783 dicantur-„quod
1112 729 1312 768 sciebant
1342 744 1430 768 non
1452 727 1644 779 iudices,
1676 729 1754 768 sed
1788 729 1881 768 illos
1915 729 2029 782 ipsos
2063 730 2249 768 civitatis
2282 736 2478 767 rectore,-

139 810 274 859 atque
304 803 621 858 gubernatores
651 801 735 841 hac
779 798 998 856 potestate
1045 801 1213 858 legibus
1259 809 1441 857 accepta
1487 803 1599 842 male
1632 803 1696 840 uti
1728 803 1884 842 solere.
1917 802 2016 842 vid.
2052 804 2175 842 Dein.
2209 818 2246 842 c.
2280 804 2473 842 Timocr.

139 876 238 927 747,
272 876 338 918 16.
400 874 567 925 Quanti
596 889 702 914 vero
734 874 1022 915 Athenienses
1064 876 1277 916 libertatis
1322 877 1536 916 iacturam
1580 876 1932 927 aestimaverinf,
1966 892 2103 931 quum
2131 877 2218 915 hoc
2251 891 2480 916 servorum

141 964 235 992 esse
277 950 530 998 videretur,
577 949 739 988 civium
783 963 889 988 vero
938 949 1114 989 nonnisi
1161 950 1260 990 data
1306 951 1498 1004 pecunia
1528 963 1692 1003 poenas
1726 951 1873 999 luere,
1925 951 2059 990 docet
2090 950 2408 989 Demosthenes
2442 964 2478 986 e.

139 1025 323 1064 Androt-
368 1024 476 1072 610,
518 1026 570 1064 2.·
598 1021 673 1062 καὶ
716 1023 812 1075 μῆν,
855 1023 896 1064 εἰ
935 1023 1097 1063 θέλοιτε
1129 1024 1391 1075 σκέψασθαι,
1423 1025 1644 1064 τι’-δοῦλον
1672 1021 1699 1077 ἢ
1720 1014 1953 1078 ’ἐλεύθερον
1983 1019 2089 1064 εἶναι
2121 1022 2327 1076 διαφέρει,
2360 1024 2481 1062 τοῦτο

138 1094 337 1150 μέγιστον
377 1091 428 1137 ἂν
471 1091 656 1149 εὕροιτε,
702 1092 766 1137 ὅτι
808 1101 897 1145 τοῖς
936 1094 1013 1149 μὲν
1044 1094 1205 1146 δούλοις
1234 1095 1281 1139 τό
1313 1096 1437 1149 σῶμα
1467 1097 1551 1139 τῶν
1580 1093 1855 1150 ἀδικημάτων
1886 1092 2083 1138 ἁπάντων
2111 1091 2348 1156 ὑπεύθυνόν
2378 1093 2480 1145 ἐστι,

139 1174 232 1220 τοῖς
263 1170 299 1212 δ’
328 1167 578 1224 ἐλευθέροις,
611 1164 688 1210 κᾶν
717 1167 769 1210 τὰ
797 1166 976 1223 μέγιστα
1006 1167 1191 1222 τύχωσιν
1220 1166 1469 1221 α’δικοῦντες,
1499 1169 1621 1212 τοῦτο
1649 1171 1685 1223 γ’
1715 1167 1851 1211 ἔνεστι
1882 1169 2046 1211 σῶσαι·
2078 1167 2137 1217 εἷς
2161 1161 2361 1223 χρήματα
2401 1167 2482 1222 γάρ

74 1228 87 1235 ,
140 1241 265 1298 δίκην
292 1240 391 1298 περὶ
419 1242 502 1283 τῶν
531 1239 743 1282 πλείστων
764 1241 889 1297 ,παρὰ
918 1241 1083 1283 τούτων
1110 1240 1311 1298 προσήκει
1360 1241 1602 1296 λαμβάνειν.
1650 1243 1704 1282 cf.
1738 1257 1774 1281 c.
1807 1242 2000 1282 Timocr.
2033 1244 2216 1291 752,11.
2250 1241 2483 1281 Hubebant

142 1316 324 1374 quidem
353 1315 521 1357 iudices
555 1331 604 1357 ex
633 1316 806 1357 Solonis
839 1316 1118 1358 institutione
1149 1322 1411 1373 potestatem
1445 1331 1518 1358 eos
1550 1317 1692 1369 fures,
1727 1329 1836 1372 quos
1869 1315 2023 1371 capitis
2058 1315 2266 1355 damnare
2299 1314 2481 1362 nollent,

138 1396 319 1446 praeter
348 1390 557 1431 muletam
587 1390 754 1446 legibus
787 1392 1067 1441 constitutam
1102 1392 1301 1451 quinque
1331 1391 1485 1432 diebus
1531 1391 1804 1446 paribusque
1837 1390 2041 1430 noctibus
2074 1389 2260 1429 vinculis
2292 1389 2483 1429 adstrin-

140 1462 286 1520 gendi.
345 1463 402 1505 At
430 1477 547 1515 non,
580 1463 700 1520 quod
733 1463 777 1504 in
809 1464 994 1505 vinculis
1028 1470 1175 1517 erant,
1205 1479 1350 1520 poena
1379 1465 1512 1506 fuisse
1542 1464 1737 1516 videtur,
1771 1478 1883 1520 quae
1918 1478 2054 1519 quum
2092 1477 2340 1519 paucorum
2372 1466 2485 1503 es‘set

142 1536 337 1588 dierum,
382 1536 450 1577 vix
481 1537 620 1578 ullum
651 1537 865 1590 terrebat,
913 1553 969 1579 ne
1001 1538 1163 1582 iterum
1192 1539 1437 1591 furaretur,
1484 1537 1561 1579 sed
1592 1538 1728 1579 multo
1761 1538 1902 1578 maior
1932 1537 2015 1578 fuit
2056 1536 2314 1593 ignominia,
2361 1536 2481 1592 quod

142 1610 282 1651 vincti
311 1610 509 1651 omnium
538 1611 677 1651 oculis
710 1610 1014 1665 conspiciendi
1046 1608 1389 1665 exponebantur.
1445 1612 1509 1651 Ita
1541 1611 1658 1651 enim
1692 1610 1918 1651 Demosth.
1952 1625 1988 1650 c.
2021 1611 2214 1651 Timocr.
2247 1611 2344 1660 733,
2377 1612 2414 1653 7.
2441 1617 2484 1651 et

144 1683 326 1733 736,12.
345 1682 629 1738 προςτιμῆσαι
660 1682 696 1723 δ’
725 1673 887 1732 ἐξεῖναι
907 1683 965 1739 τῷ
997 1681 1255 1739 δικαστηρίῳ
1284 1683 1389 1736 πρός
1417 1682 1475 1738 τῷ
1506 1679 1691 1738 ἀργυρίῳ
1720 1681 1873 1734 δεσμόν
1903 1682 1961 1738 τῷ
1989 1681 2142 1738 κλέπτῃ
2173 1681 2293 1723 πένθ’
2325 1678 2486 1736 ἡμέρας

145 1754 221 1798 καὶ
251 1753 402 1804 νύκτας
433 1755 543 1807 ἴσας,
576 1753 693 1805 ὅπως
735 1754 862 1813 ὁρῷεν
891 1752 1070 1806 ἅπαντες
1111 1755 1240 1798 αὐτᾶν
1279 1754 1518 1808 δεδεμένον,
1566 1756 1898 1811 intelligendum
1931 1771 2023 1797 esse
2056 1771 2234 1798 censeo,
2305 1757 2486 1796 Etiamsi

146 1830 240 1870 fere
271 1844 422 1870 omnes
454 1830 499 1869 in
531 1844 757 1871 carcerem
788 1831 997 1871 immissos
1030 1830 1314 1871 Athenienses
1345 1820 1537 1869 vinculis
1566 1835 1608 1869 et
1626 1829 1791 1869 catenis
1811 1830 2114 1884 constringere
2133 1830 2345 1880 solebant,
2365 1830 2485 1884 quod

151 1889 330 1959 quidem
362 1917 451 1943 non
481 1907 569 1942 tam
600 1916 623 1943 e
648 1899 800 1944 ”verbis
833 1900 930 1954 δέω,
963 1899 1253 1961 δεσμωτήριρν
1283 1907 1327 1943 et
1357 1902 1450 1943 aliis
1483 1916 1728 1957 eorumque
1773 1902 1915 1957 prima
1961 1902 2303 1958 significatione,
2353 1902 2429 1944 sed
2463 1917 2485 1944 e

148 1977 373 2018 vocabulis
402 1975 562 2029 δεσμοὶ,
592 1974 813 2031 ποδοκάκη,
845 1974 967 2026 ξύλον
997 1982 1040 2018 et
1072 1991 1120 2017 ex
1158 1977 1353 2031 exemplo
1392 1974 1647 2016 moribundi
1687 1975 1878 2016 Socratis
1911 1982 2057 2031 patet:
2088 1982 2235 2017 tamen
2269 1991 2486 2032 nusquam

149 2052 244 2093 fere
278 2052 472 2108 legimns,
506 2057 643 2090 totam
676 2051 898 2091 civitatem
930 2051 985 2090 ad
1026 2052 1314 2106 spectandum
1346 2057 1631 2091 convocatam
1666 2065 1772 2091 esse.

263 2141 474 2179 Omnium
504 2141 650 2196 igitur,
683 2146 732 2178 ut
762 2155 814 2179 eo
846 2142 1090 2192 redeamus,
1124 2143 1241 2181 unde
1273 2142 1464 2198 profecti
1495 2156 1655 2192 sumus,
1690 2142 1766 2197 qui
1801 2142 1844 2180 in
1877 2142 2053 2181 vincula
2085 2142 2175 2181 dati
2208 2148 2347 2192 erant,
2381 2156 2486 2180 cura

150 2221 204 2256 et*
226 2214 425 2255 custodia
453 2214 656 2253 mandata
687 2221 782 2253 erat
811 2213 1151 2253 Undecimviris.
1191 2216 1358 2254 Eorum
1390 2215 1522 2270 igitur
1555 2222 1649 2254 erat
1679 2215 1847 2265 videre,
1883 2229 1937 2254 ne
1972 2216 2046 2270 qui
2081 2216 2191 2254 clam
2224 2217 2409 2254 vinculis
2443 2230 2486 2254 se

147 2288 451 2331 subducerent
483 2292 527 2326 et
555 2288 655 2342 fuga
688 2287 871 2329 salutem
900 2293 1120 2341 peterent,
1152 2288 1186 2328 si
1219 2288 1431 2342 qni'vero
1466 2288 1598 2341 elapsi
1631 2293 1790 2337 essent,
1824 2302 1979 2327 eorum
2011 2289 2187 2327 nomina
2203 2303 2284 2342 per
2301 2302 2487 2342 praeco·

149 2362 458 2420 nembpublice
489 2361 669 2402 recitari
703 2361 869 2411 iubere,
904 2367 947 2401 ct
979 2375 1065 2416 quo
1099 2362 1408 2416 confugissent,
1442 2361 1694 2417 investigari
1742 2363 1882 2413 (Dein.
1916 2364 1993 2402 Or.
2030 2364 2067 2403 1.
2101 2377 2137 2402 c.
2170 2363 2355 2417 Aristog.
2391 2358 2486 2411 787,

151 2439 216 2481 17.
247 2436 457 2476 Dinarch.
491 2449 528 2476 c.
561 2435 745 2491 Aristog.
778 2434 846 2485 84,
883 2435 958 2490 1.);
992 2441 1083 2475 tum
1115 2449 1267 2475 curam
1296 2449 1464 2491 gerere,
1496 2449 1551 2476 ne
1570 2438 1646 2491 qui
1664 2436 1786 2491 prius
1806 2437 1849 2475 in
1870 2437 2117 2477 libertatem
2137 2437 2484 2487 vindicarentur,

148 2525 278 2565 quam
296 2516 372 2549 aut
388 2510 633 2557 solvissent,
653 2499 764 2563 quae
783 2510 1010 2558 deberent,
1029 2515 1105 2547 aut
1122 2510 1234 2563 passi
1253 2515 1408 2560 essent,
1428 2525 1539 2564 quae
1559 2511 1661 2549 iussi
1694 2517 1850 2560 essent,
1882 2525 1990 2550 neve
2024 2511 2190 2550 diutius
2224 2513 2267 2549 in
2303 2525 2484 2550 carcere

145 2583 462 2633 retinerentur,
482 2598 612 2639 quam
629 2589 704 2622 aut
720 2583 833 2639 leges
852 2589 925 2621 aut
945 2575 1109 2622 iudices
1130 2583 1303 2622 vellent.
1337 2583 1459 2622 Hanc
1479 2598 1582 2622 vero
1602 2598 1754 2623 curam
1772 2586 1824 2623 ab
1846 2584 1895 2623 iis
1916 2592 2035 2624 tanta
2059 2586 2300 2625 acerbitate
2330 2592 2492 2639 gestam

148 2670 255 2707 esse,
288 2663 337 2695 ut
352 2671 509 2711 parum
529 2657 773 2706 interesset,
791 2671 971 2696 carcere
992 2657 1159 2695 includi
1179 2664 1223 2696 et
1239 2672 1412 2696 servum
1443 2659 1552 2708 fieri,
1588 2674 1723 2713 quum
1758 2665 1878 2696 tanta
1912 2660 2174 2699 crudelitate
2205 2659 2492 2697 Athenienses

144 2729 278 2777 fuisse
312 2744 527 2785 nusquam
559 2731 763 2785 legamus,
797 2731 878 2768 nisi
910 2731 1025 2768 forte
1056 2730 1287 2783 republica
1322 2732 1651 2784 tempestatibus
1685 2733 1887 2770 civilibus
1920 2733 2207 2771 vehementer
2234 2731 2493 2770 labefactata

147 2807 190 2841 et
219 2803 395 2857 penitus
445 2817 659 2842 concussa
701 2808 745 2842 et
775 2803 956 2859 triginta
987 2804 1182 2859 tyrannis
1227 2804 1460 2859 imperium
1491 2805 1670 2845 Athenis
1705 2806 1880 2845 crudeli
1912 2805 2043 2845 modo
2077 2805 2403 2863 obtinentibus,
2450 2806 2493 2844 id

146 2888 201 2914 ne
233 2878 436 2932 sequitur
468 2876 649 2932 quidem
679 2891 726 2917 ex
758 2877 808 2916 iis
842 2878 962 2928 locis,
996 2892 1104 2934 quos
1136 2877 1313 2919 Ulricus
1346 2878 1504 2919 laudat.
1542 2882 1587 2931 ¹⁴)
1618 2880 1791 2919 Etenim
1827 2869 1859 2919 si
1894 2880 2096 2920 Socrates
2130 2879 2248 2934 apud
2266 2879 2493 2919 Platonem

144 2948 268 3003 Apol.
285 2964 328 3011 p.
346 2951 415 2994 37.
435 2951 479 2990 C.
500 2950 629 2990 dicit:
648 2949 730 2991 καί
750 2947 801 2992 τί
819 2964 872 3004 με
905 2950 975 2992 δεῖ
986 2951 1072 3009 Δζῇν
1101 2952 1146 2994 ἐν
1174 2951 1464 3012 δεσμωτηρίῳ,
1496 2950 1738 2995 δουλεύοντα
1768 2952 1821 3012 τῇ
1848 2950 1915 2996 del
1942 2953 2233 3011 καθισταμένῃ
2265 2951 2383 3011 ἀρχῇ,
2407 2957 2497 3001 τοῖς

154 3158 214 3205 ι4)
242 3161 358 3195 unic.
385 3160 410 3194 1.
439 3162 465 3195 1.
492 3173 528 3207 p.
558 3160 645 3204 234,
675 3165 711 3198 2.
