<?xml version="1.0" encoding="UTF-8"?>
<!DOCTYPE html PUBLIC "-//W3C//DTD XHTML 1.0 Transitional//EN"
    "http://www.w3.org/TR/xhtml1/DTD/xhtml1-transitional.dtd">
<html xmlns="http://www.w3.org/1999/xhtml" xml:lang="en" lang="en">
 <head>
  <title>
</title>
<meta http-equiv="Content-Type" content="text/html;charset=utf-8" />
  <meta name='ocr-system' content='tesseract 3.04.00' />
  <meta name='ocr-capabilities' content='ocr_page ocr_carea ocr_par ocr_line ocrx_word'/>
</head>
<body>
  <div class='ocr_page' id='page_1' title='image "./4775965_0018.png"; bbox 0 0 2651 3489; ppageno 0'>
   <div class='ocr_carea' id='block_1_1' title="bbox 105 276 2533 2849">
    <p class='ocr_par' dir='ltr' id='par_1_1' title="bbox 116 276 2496 789">
     <span class='ocr_line' id='line_1_1' title="bbox 122 276 2493 343; baseline 0.001 -16"><span class='ocrx_word' id='word_1_1' title='bbox 122 288 161 329; x_wconf 69' lang='grc' dir='ltr'><strong>ν’.</strong></span> <span class='ocrx_word' id='word_1_2' title='bbox 196 284 373 335; x_wconf 71' lang='grc' dir='ltr'><strong>ἕνδεκα),</strong></span> <span class='ocrx_word' id='word_1_3' title='bbox 408 290 465 334; x_wconf 88' lang='lat' dir='ltr'><strong>et,</strong></span> <span class='ocrx_word' id='word_1_4' title='bbox 497 284 532 325; x_wconf 88' lang='lat' dir='ltr'><strong>si</strong></span> <span class='ocrx_word' id='word_1_5' title='bbox 566 283 807 324; x_wconf 84' lang='lat' dir='ltr'><strong>Heraldum</strong></span> <span class='ocrx_word' id='word_1_6' title='bbox 839 285 1080 338; x_wconf 82' lang='lat' dir='ltr'>sequimur,</span> <span class='ocrx_word' id='word_1_7' title='bbox 1112 289 1255 324; x_wconf 85' lang='lat' dir='ltr'><strong>totum</strong></span> <span class='ocrx_word' id='word_1_8' title='bbox 1285 284 1564 338; x_wconf 87' lang='lat' dir='ltr'><strong>praedonum</strong></span> <span class='ocrx_word' id='word_1_9' title='bbox 1594 298 1760 340; x_wconf 78' lang='lat' dir='ltr'><strong>genus,</strong></span> <span class='ocrx_word' id='word_1_10' title='bbox 1792 276 2001 339; x_wconf 50' lang='grc' dir='ltr'><strong>ἅρπαγες.</strong></span> <span class='ocrx_word' id='word_1_11' title='bbox 2044 284 2229 339; x_wconf 72' lang='grc' dir='ltr'><strong>λῃσταί,</strong></span> <span class='ocrx_word' id='word_1_12' title='bbox 2248 281 2493 343; x_wconf 46' lang='lat' dir='ltr'><strong>imbuam,</strong></span> 
     </span>
     <span class='ocr_line' id='line_1_2' title="bbox 125 354 2496 415; baseline 0.001 -15"><span class='ocrx_word' id='word_1_13' title='bbox 125 359 201 415; x_wconf 90' lang='lat' dir='ltr'><strong>qui</strong></span> <span class='ocrx_word' id='word_1_14' title='bbox 231 359 331 399; x_wconf 89' lang='lat' dir='ltr'><strong>fana</strong></span> <span class='ocrx_word' id='word_1_15' title='bbox 364 364 409 399; x_wconf 91' lang='lat' dir='ltr'><strong>et</strong></span> <span class='ocrx_word' id='word_1_16' title='bbox 439 358 625 400; x_wconf 86' lang='lat' dir='ltr'><strong>delubra</strong></span> <span class='ocrx_word' id='word_1_17' title='bbox 655 356 870 412; x_wconf 89' lang='lat' dir='ltr'><strong>spoliant,</strong></span> <span class='ocrx_word' id='word_1_18' title='bbox 912 357 1153 411; x_wconf 83' lang='lat' dir='ltr'>praecipue</span> <span class='ocrx_word' id='word_1_19' title='bbox 1185 356 1221 397; x_wconf 90' lang='lat' dir='ltr'><strong>si</strong></span> <span class='ocrx_word' id='word_1_20' title='bbox 1253 357 1420 399; x_wconf 82' lang='lat' dir='ltr'>crimen</span> <span class='ocrx_word' id='word_1_21' title='bbox 1451 357 1584 414; x_wconf 83' lang='lat' dir='ltr'><strong>magis</strong></span> <span class='ocrx_word' id='word_1_22' title='bbox 1617 356 1671 398; x_wconf 90' lang='lat' dir='ltr'><strong>ad</strong></span> <span class='ocrx_word' id='word_1_23' title='bbox 1703 354 1923 410; x_wconf 74' lang='grc' dir='ltr'><strong><em>ἀσέβειαν,</em></strong></span> <span class='ocrx_word' id='word_1_24' title='bbox 1964 374 2098 415; x_wconf 87' lang='lat' dir='ltr'><strong>quam</strong></span> <span class='ocrx_word' id='word_1_25' title='bbox 2137 358 2192 400; x_wconf 88' lang='lat' dir='ltr'><strong>ad</strong></span> <span class='ocrx_word' id='word_1_26' title='bbox 2221 360 2496 414; x_wconf 84' lang='lat' dir='ltr'><strong>peculatum-</strong></span> 
     </span>
     <span class='ocr_line' id='line_1_3' title="bbox 116 417 2481 486; baseline 0.002 -15"><span class='ocrx_word' id='word_1_27' title='bbox 116 432 377 486; x_wconf 87' lang='lat' dir='ltr'><strong>pertinebat</strong></span> <span class='ocrx_word' id='word_1_28' title='bbox 420 435 480 481; x_wconf 80' lang='lat'><strong>⁸¹),</strong></span> <span class='ocrx_word' id='word_1_29' title='bbox 510 417 853 483; x_wconf 69' lang='grc' dir='ltr'><strong><em>βαλαντιόταμοι,</em></strong></span> <span class='ocrx_word' id='word_1_30' title='bbox 897 430 973 485; x_wconf 91' lang='lat' dir='ltr'><strong>qui</strong></span> <span class='ocrx_word' id='word_1_31' title='bbox 1006 444 1095 470; x_wconf 92' lang='lat' dir='ltr'><strong>non</strong></span> <span class='ocrx_word' id='word_1_32' title='bbox 1128 436 1281 484; x_wconf 85' lang='lat' dir='ltr'><strong>aperta</strong></span> <span class='ocrx_word' id='word_1_33' title='bbox 1311 431 1368 481; x_wconf 85' lang='lat' dir='ltr'><strong>vi,</strong></span> <span class='ocrx_word' id='word_1_34' title='bbox 1402 430 1480 471; x_wconf 82' lang='lat' dir='ltr'><strong>sed</strong></span> <span class='ocrx_word' id='word_1_35' title='bbox 1510 430 1749 473; x_wconf 85' lang='lat' dir='ltr'><strong>calliditate</strong></span> <span class='ocrx_word' id='word_1_36' title='bbox 1791 432 1979 486; x_wconf 88' lang='lat' dir='ltr'><strong>quadam</strong></span> <span class='ocrx_word' id='word_1_37' title='bbox 2024 438 2069 478; x_wconf 91' lang='lat' dir='ltr'><strong>et</strong></span> <span class='ocrx_word' id='word_1_38' title='bbox 2113 437 2206 474; x_wconf 82' lang='lat' dir='ltr'><strong>arte</strong></span> <span class='ocrx_word' id='word_1_39' title='bbox 2249 433 2481 486; x_wconf 86' lang='lat' dir='ltr'><strong>furantur,</strong></span> 
     </span>
     <span class='ocr_line' id='line_1_4' title="bbox 123 501 2482 562; baseline 0.001 -17"><span class='ocrx_word' id='word_1_40' title='bbox 123 505 291 558; x_wconf 78' lang='grc' dir='ltr'><em>γοῆται,</em></span> <span class='ocrx_word' id='word_1_41' title='bbox 325 509 401 562; x_wconf 89' lang='lat' dir='ltr'><strong>qui</strong></span> <span class='ocrx_word' id='word_1_42' title='bbox 433 502 618 562; x_wconf 78' lang='lat' dir='ltr'><strong>magicas</strong></span> <span class='ocrx_word' id='word_1_43' title='bbox 652 510 765 555; x_wconf 76' lang='lat' dir='ltr'><strong>artes</strong></span> <span class='ocrx_word' id='word_1_44' title='bbox 798 509 1006 544; x_wconf 75' lang='lat' dir='ltr'><strong>exercent</strong></span> <span class='ocrx_word' id='word_1_45' title='bbox 1037 508 1081 543; x_wconf 91' lang='lat' dir='ltr'><strong>et</strong></span> <span class='ocrx_word' id='word_1_46' title='bbox 1111 502 1197 542; x_wconf 88' lang='lat' dir='ltr'><strong>alii.</strong></span> <span class='ocrx_word' id='word_1_47' title='bbox 1257 502 1442 545; x_wconf 84' lang='lat' dir='ltr'><strong>Praeter</strong></span> <span class='ocrx_word' id='word_1_48' title='bbox 1470 503 1549 544; x_wconf 83' lang='lat' dir='ltr'><strong>hos</strong></span> <span class='ocrx_word' id='word_1_49' title='bbox 1583 501 1758 556; x_wconf 67' lang='grc' dir='ltr'><strong><em>α’τιζιιους</em></strong></span> <span class='ocrx_word' id='word_1_50' title='bbox 1788 518 1952 555; x_wconf 86' lang='lat' dir='ltr'><strong>omnes,</strong></span> <span class='ocrx_word' id='word_1_51' title='bbox 1985 502 2062 560; x_wconf 75' lang='lat' dir='ltr'><strong>qui</strong></span> <span class='ocrx_word' id='word_1_52' title='bbox 2084 507 2134 560; x_wconf 31' lang='lat' dir='ltr'><strong>iu·</strong></span> <span class='ocrx_word' id='word_1_53' title='bbox 2149 506 2258 547; x_wconf 83' lang='lat' dir='ltr'><strong>locis</strong></span> <span class='ocrx_word' id='word_1_54' title='bbox 2279 507 2482 562; x_wconf 77' lang='lat' dir='ltr'><strong>reperie-</strong></span> 
     </span>
     <span class='ocr_line' id='line_1_5' title="bbox 117 571 2492 637; baseline -0.002 -11"><span class='ocrx_word' id='word_1_55' title='bbox 117 587 296 634; x_wconf 83' lang='lat' dir='ltr'><strong>bantur,</strong></span> <span class='ocrx_word' id='word_1_56' title='bbox 331 599 354 623; x_wconf 89' lang='lat' dir='ltr'><strong>a</strong></span> <span class='ocrx_word' id='word_1_57' title='bbox 387 595 578 637; x_wconf 87' lang='lat' dir='ltr'><strong>quornm</strong></span> <span class='ocrx_word' id='word_1_58' title='bbox 610 578 733 619; x_wconf 86' lang='lat' dir='ltr'><strong>aditu</strong></span> <span class='ocrx_word' id='word_1_59' title='bbox 766 571 909 629; x_wconf 79' lang='grc' dir='ltr'>ἄτιμοι</span> <span class='ocrx_word' id='word_1_60' title='bbox 939 576 1368 629; x_wconf 81' lang='lat' dir='ltr'><strong>intercludebantur,</strong></span> <span class='ocrx_word' id='word_1_61' title='bbox 1389 584 1449 619; x_wconf 85' lang='lat' dir='ltr'><strong>et</strong></span> <span class='ocrx_word' id='word_1_62' title='bbox 1479 577 1721 619; x_wconf 86' lang='lat' dir='ltr'><strong>homicidas</strong></span> <span class='ocrx_word' id='word_1_63' title='bbox 1753 579 1809 620; x_wconf 77' lang='lat' dir='ltr'><strong>ad</strong></span> <span class='ocrx_word' id='word_1_64' title='bbox 1838 578 2178 621; x_wconf 82' lang='lat' dir='ltr'><strong>Undecimviros</strong></span> <span class='ocrx_word' id='word_1_65' title='bbox 2210 593 2369 636; x_wconf 87' lang='lat' dir='ltr'><strong>rapere</strong></span> <span class='ocrx_word' id='word_1_66' title='bbox 2398 593 2492 636; x_wconf 89' lang='lat' dir='ltr'><strong>per.</strong></span> 
     </span>
     <span class='ocr_line' id='line_1_6' title="bbox 118 650 2481 715; baseline -0.001 -16"><span class='ocrx_word' id='word_1_67' title='bbox 118 659 235 715; x_wconf 86' lang='lat' dir='ltr'><strong>leges</strong></span> <span class='ocrx_word' id='word_1_68' title='bbox 268 656 446 698; x_wconf 86' lang='lat' dir='ltr'><strong>licebat.</strong></span> <span class='ocrx_word' id='word_1_69' title='bbox 508 656 555 694; x_wconf 89' lang='lat' dir='ltr'><strong>In</strong></span> <span class='ocrx_word' id='word_1_70' title='bbox 592 653 850 694; x_wconf 88' lang='lat' dir='ltr'><strong>universum</strong></span> <span class='ocrx_word' id='word_1_71' title='bbox 881 652 1015 708; x_wconf 81' lang='lat' dir='ltr'><strong>igitur</strong></span> <span class='ocrx_word' id='word_1_72' title='bbox 1046 651 1488 693; x_wconf 87' lang='lat' dir='ltr'><strong>animadvertendum</strong></span> <span class='ocrx_word' id='word_1_73' title='bbox 1520 656 1606 704; x_wconf 86' lang='lat' dir='ltr'><strong>est,</strong></span> <span class='ocrx_word' id='word_1_74' title='bbox 1639 651 1862 694; x_wconf 87' lang='lat' dir='ltr'><strong>actionem</strong></span> <span class='ocrx_word' id='word_1_75' title='bbox 1893 650 2123 708; x_wconf 76' lang='grc' dir='ltr'><strong><em>ἀπαγωγῆς</em></strong></span> <span class='ocrx_word' id='word_1_76' title='bbox 2155 652 2301 696; x_wconf 71' lang='lat' dir='ltr'><strong>datiun</strong></span> <span class='ocrx_word' id='word_1_77' title='bbox 2330 668 2425 696; x_wconf 83' lang='lat' dir='ltr'><strong>esse</strong></span> <span class='ocrx_word' id='word_1_78' title='bbox 2456 670 2481 697; x_wconf 80' lang='lat' dir='ltr'><strong>a</strong></span> 
     </span>
     <span class='ocr_line' id='line_1_7' title="bbox 116 725 2052 789; baseline -0.003 -15"><span class='ocrx_word' id='word_1_79' title='bbox 116 733 286 789; x_wconf 84' lang='lat' dir='ltr'><strong>legibus</strong></span> <span class='ocrx_word' id='word_1_80' title='bbox 319 736 475 771; x_wconf 86' lang='lat' dir='ltr'><strong>contra</strong></span> <span class='ocrx_word' id='word_1_81' title='bbox 507 742 673 779; x_wconf 84' lang='lat' dir='ltr'><strong>omnes,</strong></span> <span class='ocrx_word' id='word_1_82' title='bbox 705 727 797 782; x_wconf 89' lang='lat' dir='ltr'><strong>qui,</strong></span> <span class='ocrx_word' id='word_1_83' title='bbox 829 741 967 782; x_wconf 89' lang='lat' dir='ltr'><strong>quum</strong></span> <span class='ocrx_word' id='word_1_84' title='bbox 997 726 1190 766; x_wconf 85' lang='lat' dir='ltr'><strong>accusati</strong></span> <span class='ocrx_word' id='word_1_85' title='bbox 1223 731 1380 776; x_wconf 77' lang='lat' dir='ltr'><strong>essent,</strong></span> <span class='ocrx_word' id='word_1_86' title='bbox 1411 725 1525 767; x_wconf 78' lang='lat' dir='ltr'><strong>vitae</strong></span> <span class='ocrx_word' id='word_1_87' title='bbox 1555 726 1807 781; x_wconf 87' lang='lat' dir='ltr'><strong>periculum</strong></span> <span class='ocrx_word' id='word_1_88' title='bbox 1837 728 2052 768; x_wconf 87' lang='lat' dir='ltr'><strong>subirent.</strong></span> 
     </span>
    </p>

    <p class='ocr_par' dir='ltr' id='par_1_2' title="bbox 110 797 2481 1880">
     <span class='ocr_line' id='line_1_8' title="bbox 235 797 2481 855; baseline -0.001 -10"><span class='ocrx_word' id='word_1_89' title='bbox 235 807 321 845; x_wconf 88' lang='lat' dir='ltr'><strong>lam</strong></span> <span class='ocrx_word' id='word_1_90' title='bbox 366 818 475 844; x_wconf 84' lang='lat' dir='ltr'><strong>vero</strong></span> <span class='ocrx_word' id='word_1_91' title='bbox 523 803 609 843; x_wconf 88' lang='lat' dir='ltr'><strong>reis</strong></span> <span class='ocrx_word' id='word_1_92' title='bbox 660 802 838 841; x_wconf 90' lang='lat' dir='ltr'><strong>obtorto</strong></span> <span class='ocrx_word' id='word_1_93' title='bbox 883 800 998 839; x_wconf 85' lang='lat' dir='ltr'><strong>collo</strong></span> <span class='ocrx_word' id='word_1_94' title='bbox 1045 798 1100 839; x_wconf 87' lang='lat' dir='ltr'><strong>ad</strong></span> <span class='ocrx_word' id='word_1_95' title='bbox 1140 797 1481 840; x_wconf 86' lang='lat' dir='ltr'><strong>Undecimviros</strong></span> <span class='ocrx_word' id='word_1_96' title='bbox 1524 800 1675 854; x_wconf 83' lang='lat' dir='ltr'><strong>raptis,</strong></span> <span class='ocrx_word' id='word_1_97' title='bbox 1720 800 2064 855; x_wconf 77' lang='lat' dir='ltr'><strong>disceptabatur,</strong></span> <span class='ocrx_word' id='word_1_98' title='bbox 2096 807 2244 842; x_wconf 85' lang='lat' dir='ltr'><strong>utrum</strong></span> <span class='ocrx_word' id='word_1_99' title='bbox 2277 807 2402 843; x_wconf 84' lang='lat' dir='ltr'><strong>recte</strong></span> <span class='ocrx_word' id='word_1_100' title='bbox 2436 808 2481 843; x_wconf 90' lang='lat' dir='ltr'><strong>et</strong></span> 
     </span>
     <span class='ocr_line' id='line_1_9' title="bbox 115 864 2478 934; baseline -0.003 -11"><span class='ocrx_word' id='word_1_101' title='bbox 115 879 362 924; x_wconf 88' lang='lat' dir='ltr'><strong>secundum</strong></span> <span class='ocrx_word' id='word_1_102' title='bbox 395 864 511 934; x_wconf 80' lang='lat' dir='ltr'><strong>leges</strong></span> <span class='ocrx_word' id='word_1_103' title='bbox 558 875 756 915; x_wconf 86' lang='lat' dir='ltr'><strong>instituta</strong></span> <span class='ocrx_word' id='word_1_104' title='bbox 790 879 902 914; x_wconf 84' lang='lat' dir='ltr'><strong>esset</strong></span> <span class='ocrx_word' id='word_1_105' title='bbox 933 873 1042 913; x_wconf 86' lang='lat' dir='ltr'><strong>haec</strong></span> <span class='ocrx_word' id='word_1_106' title='bbox 1075 874 1205 924; x_wconf 84' lang='lat' dir='ltr'><strong>actio,</strong></span> <span class='ocrx_word' id='word_1_107' title='bbox 1238 888 1293 914; x_wconf 88' lang='lat' dir='ltr'><strong>an</strong></span> <span class='ocrx_word' id='word_1_108' title='bbox 1320 873 1429 914; x_wconf 77' lang='lat' dir='ltr'><strong>hon.</strong></span> <span class='ocrx_word' id='word_1_109' title='bbox 1491 874 1636 926; x_wconf 85' lang='lat' dir='ltr'><strong>Quam</strong></span> <span class='ocrx_word' id='word_1_110' title='bbox 1666 873 1701 915; x_wconf 87' lang='lat' dir='ltr'><strong>si</strong></span> <span class='ocrx_word' id='word_1_111' title='bbox 1732 880 1855 915; x_wconf 89' lang='lat' dir='ltr'><strong>recte</strong></span> <span class='ocrx_word' id='word_1_112' title='bbox 1886 875 2047 915; x_wconf 86' lang='lat' dir='ltr'><strong>factam</strong></span> <span class='ocrx_word' id='word_1_113' title='bbox 2079 889 2173 917; x_wconf 86' lang='lat' dir='ltr'><strong>esse</strong></span> <span class='ocrx_word' id='word_1_114' title='bbox 2197 881 2478 926; x_wconf 85' lang='lat' dir='ltr'><strong>censuerant,</strong></span> 
     </span>
     <span class='ocr_line' id='line_1_10' title="bbox 119 944 2477 1012; baseline -0.003 -16"><span class='ocrx_word' id='word_1_115' title='bbox 119 955 259 1012; x_wconf 90' lang='lat' dir='ltr'><strong>(quod</strong></span> <span class='ocrx_word' id='word_1_116' title='bbox 293 959 389 995; x_wconf 87' lang='lat' dir='ltr'><strong>erat</strong></span> <span class='ocrx_word' id='word_1_117' title='bbox 419 949 707 1002; x_wconf 71' lang='grc' dir='ltr'><strong><em>ἀποδέχεσθαι</em></strong></span> <span class='ocrx_word' id='word_1_118' title='bbox 735 947 812 1001; x_wconf 74' lang='grc' dir='ltr'><strong>τῆν</strong></span> <span class='ocrx_word' id='word_1_119' title='bbox 843 944 1083 1000; x_wconf 68' lang='grc' dir='ltr'><strong>ἀπαγωγήν.</strong></span> <span class='ocrx_word' id='word_1_120' title='bbox 1117 948 1214 1002; x_wconf 83' lang='lat' dir='ltr'><strong>Lys.</strong></span> <span class='ocrx_word' id='word_1_121' title='bbox 1248 962 1286 987; x_wconf 93' lang='lat' dir='ltr'><strong>c.</strong></span> <span class='ocrx_word' id='word_1_122' title='bbox 1319 947 1533 987; x_wconf 85' lang='lat' dir='ltr'><strong>Theomn.</strong></span> <span class='ocrx_word' id='word_1_123' title='bbox 1565 962 1611 1002; x_wconf 86' lang='lat' dir='ltr'><strong>p.</strong></span> <span class='ocrx_word' id='word_1_124' title='bbox 1642 949 1757 995; x_wconf 86' lang='lat'><strong>350.)</strong></span> <span class='ocrx_word' id='word_1_125' title='bbox 1791 948 1985 1002; x_wconf 84' lang='lat' dir='ltr'><strong>accusati</strong></span> <span class='ocrx_word' id='word_1_126' title='bbox 2018 954 2094 988; x_wconf 89' lang='lat' dir='ltr'><strong>aut</strong></span> <span class='ocrx_word' id='word_1_127' title='bbox 2134 949 2477 999; x_wconf 84' lang='lat' dir='ltr'><strong>confitebantur,</strong></span> 
     </span>
     <span class='ocr_line' id='line_1_11' title="bbox 119 1020 2477 1083; baseline -0.003 -14"><span class='ocrx_word' id='word_1_128' title='bbox 119 1035 196 1069; x_wconf 84' lang='lat' dir='ltr'><strong>aut</strong></span> <span class='ocrx_word' id='word_1_129' title='bbox 226 1029 357 1083; x_wconf 87' lang='lat' dir='ltr'><strong>plane</strong></span> <span class='ocrx_word' id='word_1_130' title='bbox 400 1024 639 1081; x_wconf 86' lang='lat' dir='ltr'><strong>negabant,</strong></span> <span class='ocrx_word' id='word_1_131' title='bbox 687 1027 762 1080; x_wconf 80' lang='lat' dir='ltr'><strong>aut</strong></span> <span class='ocrx_word' id='word_1_132' title='bbox 793 1027 915 1061; x_wconf 90' lang='lat' dir='ltr'><strong>recte</strong></span> <span class='ocrx_word' id='word_1_133' title='bbox 957 1035 1003 1061; x_wconf 86' lang='lat' dir='ltr'><strong>se</strong></span> <span class='ocrx_word' id='word_1_134' title='bbox 1032 1020 1197 1063; x_wconf 75' lang='lat' dir='ltr'><strong>,fecisse</strong></span> <span class='ocrx_word' id='word_1_135' title='bbox 1245 1020 1589 1061; x_wconf 85' lang='lat' dir='ltr'><strong>contendebant.</strong></span> <span class='ocrx_word' id='word_1_136' title='bbox 1649 1021 1730 1062; x_wconf 81' lang='lat' dir='ltr'><strong>Rei</strong></span> <span class='ocrx_word' id='word_1_137' title='bbox 1773 1022 1962 1062; x_wconf 77' lang='lat' dir='ltr'><strong>confessi</strong></span> <span class='ocrx_word' id='word_1_138' title='bbox 2004 1022 2149 1063; x_wconf 87' lang='lat' dir='ltr'><strong>statim</strong></span> <span class='ocrx_word' id='word_1_139' title='bbox 2193 1022 2248 1063; x_wconf 89' lang='lat' dir='ltr'><strong>ad</strong></span> <span class='ocrx_word' id='word_1_140' title='bbox 2288 1028 2477 1063; x_wconf 88' lang='lat' dir='ltr'><strong>mortem</strong></span> 
     </span>
     <span class='ocr_line' id='line_1_12' title="bbox 123 1089 2477 1150; baseline -0.003 -7"><span class='ocrx_word' id='word_1_141' title='bbox 123 1101 478 1150; x_wconf 85' lang='lat' dir='ltr'><strong>deducebantur,</strong></span> <span class='ocrx_word' id='word_1_142' title='bbox 511 1104 695 1138; x_wconf 86' lang='lat' dir='ltr'><strong>auctore</strong></span> <span class='ocrx_word' id='word_1_143' title='bbox 726 1095 1026 1144; x_wconf 57' lang='lat' dir='ltr'><strong>Pollamvm.</strong></span> <span class='ocrx_word' id='word_1_144' title='bbox 1061 1096 1156 1137; x_wconf 75' lang='lat'><strong>102.</strong></span> <span class='ocrx_word' id='word_1_145' title='bbox 1189 1093 1228 1135; x_wconf 74' lang='grc' dir='ltr'><strong>εἰ</strong></span> <span class='ocrx_word' id='word_1_146' title='bbox 1252 1093 1329 1146; x_wconf 82' lang='grc' dir='ltr'><strong>μὲν</strong></span> <span class='ocrx_word' id='word_1_147' title='bbox 1361 1089 1608 1148; x_wconf 74' lang='grc' dir='ltr'><strong><em>ὄμολόγοιεν</em></strong></span> <span class='ocrx_word' id='word_1_148' title='bbox 1644 1092 1980 1149; x_wconf 70' lang='grc' dir='ltr'><em>θανατώσοπες,</em></span> <span class='ocrx_word' id='word_1_149' title='bbox 2014 1094 2058 1136; x_wconf 76' lang='grc' dir='ltr'><strong>εἰ·</strong></span> <span class='ocrx_word' id='word_1_150' title='bbox 2079 1094 2126 1137; x_wconf 77' lang='grc' dir='ltr'><strong>δὲ</strong></span> <span class='ocrx_word' id='word_1_151' title='bbox 2153 1095 2214 1150; x_wconf 79' lang='grc' dir='ltr'><strong>μῆ</strong></span> <span class='ocrx_word' id='word_1_152' title='bbox 2246 1093 2477 1146; x_wconf 73' lang='grc' dir='ltr'><strong><em>εἷσάξοντες</em></strong></span> 
     </span>
     <span class='ocr_line' id='line_1_13' title="bbox 119 1168 2477 1227; baseline -0.001 -9"><span class='ocrx_word' id='word_1_153' title='bbox 119 1177 177 1226; x_wconf 77' lang='grc' dir='ltr'><strong>εἷς</strong></span> <span class='ocrx_word' id='word_1_154' title='bbox 201 1175 254 1217; x_wconf 78' lang='grc' dir='ltr'><strong>τὰ</strong></span> <span class='ocrx_word' id='word_1_155' title='bbox 281 1170 545 1227; x_wconf 75' lang='grc' dir='ltr'><strong>δικαστήρια.</strong></span> <span class='ocrx_word' id='word_1_156' title='bbox 578 1170 623 1210; x_wconf 90' lang='lat' dir='ltr'><strong>Si</strong></span> <span class='ocrx_word' id='word_1_157' title='bbox 642 1184 748 1210; x_wconf 91' lang='lat' dir='ltr'><strong>vero</strong></span> <span class='ocrx_word' id='word_1_158' title='bbox 766 1170 820 1210; x_wconf 87' lang='lat' dir='ltr'><strong>ad</strong></span> <span class='ocrx_word' id='word_1_159' title='bbox 838 1169 1035 1209; x_wconf 90' lang='lat' dir='ltr'><strong>iudicum</strong></span> <span class='ocrx_word' id='word_1_160' title='bbox 1052 1168 1290 1208; x_wconf 81' lang='lat' dir='ltr'><strong>sententias</strong></span> <span class='ocrx_word' id='word_1_161' title='bbox 1306 1169 1623 1223; x_wconf 87' lang='lat' dir='ltr'><strong>provocabant,</strong></span> <span class='ocrx_word' id='word_1_162' title='bbox 1639 1169 1945 1211; x_wconf 83' lang='lat' dir='ltr'><strong>Undecimviri</strong></span> <span class='ocrx_word' id='word_1_163' title='bbox 1963 1170 2058 1211; x_wconf 77' lang='lat' dir='ltr'><strong>illos</strong></span> <span class='ocrx_word' id='word_1_164' title='bbox 2077 1171 2192 1227; x_wconf 89' lang='lat' dir='ltr'><strong>ipsos</strong></span> <span class='ocrx_word' id='word_1_165' title='bbox 2210 1172 2253 1212; x_wconf 88' lang='lat' dir='ltr'><strong>in</strong></span> <span class='ocrx_word' id='word_1_166' title='bbox 2276 1173 2477 1216; x_wconf 85' lang='lat' dir='ltr'><strong>custodia</strong></span> 
     </span>
     <span class='ocr_line' id='line_1_14' title="bbox 115 1243 2474 1301; baseline -0.002 -9"><span class='ocrx_word' id='word_1_167' title='bbox 115 1250 382 1300; x_wconf 86' lang='lat' dir='ltr'><strong>retinebant,</strong></span> <span class='ocrx_word' id='word_1_168' title='bbox 415 1261 509 1287; x_wconf 91' lang='lat' dir='ltr'><strong>rem</strong></span> <span class='ocrx_word' id='word_1_169' title='bbox 541 1260 646 1286; x_wconf 88' lang='lat' dir='ltr'><strong>vero</strong></span> <span class='ocrx_word' id='word_1_170' title='bbox 679 1245 730 1285; x_wconf 90' lang='lat' dir='ltr'><strong>iis</strong></span> <span class='ocrx_word' id='word_1_171' title='bbox 765 1243 986 1285; x_wconf 90' lang='lat' dir='ltr'><strong>iudicibus</strong></span> <span class='ocrx_word' id='word_1_172' title='bbox 1018 1243 1267 1294; x_wconf 85' lang='lat' dir='ltr'><strong>tradebant,</strong></span> <span class='ocrx_word' id='word_1_173' title='bbox 1300 1257 1491 1298; x_wconf 90' lang='lat' dir='ltr'><strong>quorum</strong></span> <span class='ocrx_word' id='word_1_174' title='bbox 1522 1243 1576 1284; x_wconf 90' lang='lat' dir='ltr'><strong>de</strong></span> <span class='ocrx_word' id='word_1_175' title='bbox 1595 1258 1643 1284; x_wconf 89' lang='lat' dir='ltr'><strong>ea</strong></span> <span class='ocrx_word' id='word_1_176' title='bbox 1663 1250 1757 1285; x_wconf 83' lang='lat' dir='ltr'><strong>erat</strong></span> <span class='ocrx_word' id='word_1_177' title='bbox 1772 1244 2071 1297; x_wconf 86' lang='lat' dir='ltr'><strong>iudicare;(in</strong></span> <span class='ocrx_word' id='word_1_178' title='bbox 2091 1260 2177 1301; x_wconf 91' lang='lat' dir='ltr'><strong>qua</strong></span> <span class='ocrx_word' id='word_1_179' title='bbox 2193 1260 2242 1287; x_wconf 88' lang='lat' dir='ltr'><strong>re</strong></span> <span class='ocrx_word' id='word_1_180' title='bbox 2260 1243 2474 1288; x_wconf 72' lang='lat' dir='ltr'><strong>formulae</strong></span> 
     </span>
     <span class='ocr_line' id='line_1_15' title="bbox 116 1315 2475 1377; baseline -0.002 -12"><span class='ocrx_word' id='word_1_181' title='bbox 116 1330 244 1366; x_wconf 89' lang='lat' dir='ltr'><strong>erant</strong></span> <span class='ocrx_word' id='word_1_182' title='bbox 276 1322 492 1362; x_wconf 86' lang='lat' dir='ltr'><strong>solemnes</strong></span> <span class='ocrx_word' id='word_1_183' title='bbox 526 1318 704 1373; x_wconf 69' lang='grc' dir='ltr'>εἰσάγειν</span> <span class='ocrx_word' id='word_1_184' title='bbox 732 1318 809 1372; x_wconf 77' lang='grc' dir='ltr'><strong>τῆν</strong></span> <span class='ocrx_word' id='word_1_185' title='bbox 841 1317 962 1371; x_wconf 73' lang='grc' dir='ltr'><em>δίκην</em></span> <span class='ocrx_word' id='word_1_186' title='bbox 991 1317 1049 1366; x_wconf 72' lang='grc' dir='ltr'><strong>εἰς</strong></span> <span class='ocrx_word' id='word_1_187' title='bbox 1092 1316 1139 1358; x_wconf 85' lang='grc' dir='ltr'>τό</span> <span class='ocrx_word' id='word_1_188' title='bbox 1186 1315 1470 1373; x_wconf 69' lang='grc' dir='ltr'><strong><em>δικαστήριον,</em></strong></span> <span class='ocrx_word' id='word_1_189' title='bbox 1501 1318 1578 1373; x_wconf 81' lang='grc' dir='ltr'><strong>τῆν</strong></span> <span class='ocrx_word' id='word_1_190' title='bbox 1622 1318 1768 1374; x_wconf 77' lang='grc' dir='ltr'><em>ψῆφον</em></span> <span class='ocrx_word' id='word_1_191' title='bbox 1813 1316 1974 1361; x_wconf 80' lang='grc' dir='ltr'><strong><em>διδόναι</em></strong></span> <span class='ocrx_word' id='word_1_192' title='bbox 2015 1325 2108 1369; x_wconf 85' lang='grc' dir='ltr'><strong><em>τοῖς</em></strong></span> <span class='ocrx_word' id='word_1_193' title='bbox 2153 1321 2387 1377; x_wconf 67' lang='grc' dir='ltr'><strong><em>δικασταῖς)</em></strong></span> <span class='ocrx_word' id='word_1_194' title='bbox 2422 1320 2475 1377; x_wconf 81' lang='lat'><strong>⁸²)</strong></span> 
     </span>
     <span class='ocr_line' id='line_1_16' title="bbox 117 1389 2471 1446; baseline -0.002 -8"><span class='ocrx_word' id='word_1_195' title='bbox 117 1398 345 1438; x_wconf 84' lang='lat' dir='ltr'><strong>damnatos</strong></span> <span class='ocrx_word' id='word_1_196' title='bbox 378 1409 483 1434; x_wconf 90' lang='lat' dir='ltr'><strong>vero</strong></span> <span class='ocrx_word' id='word_1_197' title='bbox 517 1394 677 1433; x_wconf 89' lang='lat' dir='ltr'><strong>iterum</strong></span> <span class='ocrx_word' id='word_1_198' title='bbox 708 1392 1000 1446; x_wconf 86' lang='lat' dir='ltr'><strong>accipiebant.</strong></span> <span class='ocrx_word' id='word_1_199' title='bbox 1033 1392 1108 1430; x_wconf 92' lang='lat' dir='ltr'><strong>Sin</strong></span> <span class='ocrx_word' id='word_1_200' title='bbox 1141 1398 1288 1431; x_wconf 90' lang='lat' dir='ltr'><strong>autem</strong></span> <span class='ocrx_word' id='word_1_201' title='bbox 1318 1389 1545 1446; x_wconf 74' lang='grc' dir='ltr'><strong>ἀπαγωγῆς</strong></span> <span class='ocrx_word' id='word_1_202' title='bbox 1585 1392 1807 1433; x_wconf 86' lang='lat' dir='ltr'><strong>actionem</strong></span> <span class='ocrx_word' id='word_1_203' title='bbox 1836 1393 2144 1434; x_wconf 86' lang='lat' dir='ltr'><strong>Undecimviri</strong></span> <span class='ocrx_word' id='word_1_204' title='bbox 2170 1395 2471 1435; x_wconf 76' lang='lat' dir='ltr'><strong>omnino&#39;non</strong></span> 
     </span>
     <span class='ocr_line' id='line_1_17' title="bbox 121 1465 2472 1524; baseline -0.003 -12"><span class='ocrx_word' id='word_1_205' title='bbox 121 1469 414 1524; x_wconf 84' lang='lat' dir='ltr'><strong>accipiebant,</strong></span> <span class='ocrx_word' id='word_1_206' title='bbox 454 1473 530 1505; x_wconf 91' lang='lat' dir='ltr'><strong>aut</strong></span> <span class='ocrx_word' id='word_1_207' title='bbox 559 1467 594 1510; x_wconf 84' lang='lat' dir='ltr'><strong>si</strong></span> <span class='ocrx_word' id='word_1_208' title='bbox 626 1465 733 1520; x_wconf 92' lang='lat' dir='ltr'><strong>quid</strong></span> <span class='ocrx_word' id='word_1_209' title='bbox 762 1465 855 1503; x_wconf 89' lang='lat' dir='ltr'><strong>falsi</strong></span> <span class='ocrx_word' id='word_1_210' title='bbox 890 1465 930 1503; x_wconf 90' lang='lat' dir='ltr'><strong>in</strong></span> <span class='ocrx_word' id='word_1_211' title='bbox 965 1465 1115 1504; x_wconf 90' lang='lat' dir='ltr'><strong>libello</strong></span> <span class='ocrx_word' id='word_1_212' title='bbox 1164 1478 1256 1505; x_wconf 90' lang='lat' dir='ltr'><strong>esse</strong></span> <span class='ocrx_word' id='word_1_213' title='bbox 1302 1465 1670 1520; x_wconf 88' lang='lat' dir='ltr'><strong>suspicabantur,</strong></span> <span class='ocrx_word' id='word_1_214' title='bbox 1717 1471 1794 1506; x_wconf 88' lang='lat' dir='ltr'><strong>aut</strong></span> <span class='ocrx_word' id='word_1_215' title='bbox 1822 1466 1857 1507; x_wconf 89' lang='lat' dir='ltr'><strong>si</strong></span> <span class='ocrx_word' id='word_1_216' title='bbox 1890 1466 1945 1506; x_wconf 89' lang='lat' dir='ltr'><strong>de</strong></span> <span class='ocrx_word' id='word_1_217' title='bbox 1976 1466 2058 1506; x_wconf 92' lang='lat' dir='ltr'><strong>hac</strong></span> <span class='ocrx_word' id='word_1_218' title='bbox 2089 1480 2138 1507; x_wconf 90' lang='lat' dir='ltr'><strong>re</strong></span> <span class='ocrx_word' id='word_1_219' title='bbox 2171 1467 2359 1507; x_wconf 85' lang='lat' dir='ltr'><strong>iudicari</strong></span> <span class='ocrx_word' id='word_1_220' title='bbox 2389 1466 2472 1508; x_wconf 86' lang='lat' dir='ltr'><strong>sibi</strong></span> 
     </span>
     <span class='ocr_line' id='line_1_18' title="bbox 116 1536 2474 1600; baseline -0.002 -16"><span class='ocrx_word' id='word_1_221' title='bbox 116 1559 200 1600; x_wconf 89' lang='lat' dir='ltr'><strong>per</strong></span> <span class='ocrx_word' id='word_1_222' title='bbox 232 1540 347 1598; x_wconf 76' lang='lat' dir='ltr'><strong>seges</strong></span> <span class='ocrx_word' id='word_1_223' title='bbox 382 1555 470 1580; x_wconf 90' lang='lat' dir='ltr'><strong>non</strong></span> <span class='ocrx_word' id='word_1_224' title='bbox 507 1540 642 1579; x_wconf 90' lang='lat' dir='ltr'><strong>licere</strong></span> <span class='ocrx_word' id='word_1_225' title='bbox 676 1539 1024 1589; x_wconf 83' lang='lat' dir='ltr'><strong>arbitrabantur,</strong></span> <span class='ocrx_word' id='word_1_226' title='bbox 1058 1553 1102 1578; x_wconf 91' lang='lat' dir='ltr'><strong>se</strong></span> <span class='ocrx_word' id='word_1_227' title='bbox 1148 1552 1275 1578; x_wconf 87' lang='lat' dir='ltr'><strong>reum</strong></span> <span class='ocrx_word' id='word_1_228' title='bbox 1305 1544 1621 1592; x_wconf 86' lang='lat' dir='ltr'><strong>persecuturos</strong></span> <span class='ocrx_word' id='word_1_229' title='bbox 1670 1553 1763 1580; x_wconf 81' lang='lat' dir='ltr'><strong>esse</strong></span> <span class='ocrx_word' id='word_1_230' title='bbox 1796 1540 2015 1596; x_wconf 84' lang='lat' dir='ltr'><strong>negabant</strong></span> <span class='ocrx_word' id='word_1_231' title='bbox 2062 1554 2252 1596; x_wconf 83' lang='lat' dir='ltr'><strong>eumque</strong></span> <span class='ocrx_word' id='word_1_232' title='bbox 2300 1536 2474 1595; x_wconf 74' lang='grc' dir='ltr'><strong><em>ἀφιέναι</em></strong></span> 
     </span>
     <span class='ocr_line' id='line_1_19' title="bbox 118 1611 2470 1669; baseline -0.003 -11"><span class='ocrx_word' id='word_1_233' title='bbox 118 1617 421 1658; x_wconf 84' lang='lat' dir='ltr'><strong>declarabant.</strong></span> <span class='ocrx_word' id='word_1_234' title='bbox 453 1613 778 1653; x_wconf 80' lang='lat' dir='ltr'><strong>Absolutoreo</strong></span> <span class='ocrx_word' id='word_1_235' title='bbox 812 1612 847 1651; x_wconf 89' lang='lat' dir='ltr'><strong>si</strong></span> <span class='ocrx_word' id='word_1_236' title='bbox 880 1617 1005 1651; x_wconf 89' lang='lat' dir='ltr'><strong>actor</strong></span> <span class='ocrx_word' id='word_1_237' title='bbox 1036 1626 1090 1651; x_wconf 89' lang='lat' dir='ltr'><strong>ne</strong></span> <span class='ocrx_word' id='word_1_238' title='bbox 1124 1612 1322 1666; x_wconf 85' lang='lat' dir='ltr'><strong>quintam</strong></span> <span class='ocrx_word' id='word_1_239' title='bbox 1355 1611 1534 1666; x_wconf 85' lang='lat' dir='ltr'><strong>quidem</strong></span> <span class='ocrx_word' id='word_1_240' title='bbox 1566 1612 1870 1668; x_wconf 80' lang='lat' dir='ltr'><strong>suffragiorum</strong></span> <span class='ocrx_word' id='word_1_241' title='bbox 1901 1619 2071 1669; x_wconf 84' lang='lat' dir='ltr'><strong>partem</strong></span> <span class='ocrx_word' id='word_1_242' title='bbox 2113 1613 2300 1665; x_wconf 89' lang='lat' dir='ltr'><strong>tulerat,</strong></span> <span class='ocrx_word' id='word_1_243' title='bbox 2347 1618 2397 1653; x_wconf 88' lang='lat' dir='ltr'><strong>ut</strong></span> <span class='ocrx_word' id='word_1_244' title='bbox 2425 1613 2470 1653; x_wconf 90' lang='lat' dir='ltr'><strong>in</strong></span> 
     </span>
     <span class='ocr_line' id='line_1_20' title="bbox 110 1681 2470 1744; baseline -0.002 -11"><span class='ocrx_word' id='word_1_245' title='bbox 110 1692 315 1733; x_wconf 84' lang='lat' dir='ltr'><strong>omnibus</strong></span> <span class='ocrx_word' id='word_1_246' title='bbox 362 1689 456 1729; x_wconf 88' lang='lat' dir='ltr'><strong>aliis</strong></span> <span class='ocrx_word' id='word_1_247' title='bbox 508 1687 678 1737; x_wconf 77' lang='lat' dir='ltr'><strong>causis,</strong></span> <span class='ocrx_word' id='word_1_248' title='bbox 728 1687 786 1725; x_wconf 89' lang='lat' dir='ltr'><strong>ita</strong></span> <span class='ocrx_word' id='word_1_249' title='bbox 836 1686 879 1724; x_wconf 92' lang='lat' dir='ltr'><strong>in</strong></span> <span class='ocrx_word' id='word_1_250' title='bbox 933 1685 1015 1724; x_wconf 82' lang='lat' dir='ltr'><strong>hac</strong></span> <span class='ocrx_word' id='word_1_251' title='bbox 1064 1698 1244 1738; x_wconf 90' lang='lat' dir='ltr'><strong>quoque</strong></span> <span class='ocrx_word' id='word_1_252' title='bbox 1293 1689 1336 1724; x_wconf 90' lang='lat' dir='ltr'><strong>et</strong></span> <span class='ocrx_word' id='word_1_253' title='bbox 1366 1684 1409 1722; x_wconf 89' lang='lat' dir='ltr'><strong>in</strong></span> <span class='ocrx_word' id='word_1_254' title='bbox 1433 1681 1672 1740; x_wconf 38' lang='grc' dir='ltr'><strong><em>-ἐφηγήσει,</em></strong></span> <span class='ocrx_word' id='word_1_255' title='bbox 1720 1700 1834 1741; x_wconf 80' lang='lat' dir='ltr'><strong>quae</strong></span> <span class='ocrx_word' id='word_1_256' title='bbox 1865 1687 2010 1727; x_wconf 87' lang='lat' dir='ltr'><strong>statim</strong></span> <span class='ocrx_word' id='word_1_257' title='bbox 2041 1687 2470 1744; x_wconf 70' lang='lat' dir='ltr'><strong>commemorabitur,</strong></span> 
     </span>
     <span class='ocr_line' id='line_1_21' title="bbox 114 1747 2473 1815; baseline -0.001 -9"><span class='ocrx_word' id='word_1_258' title='bbox 114 1765 234 1806; x_wconf 87' lang='lat' dir='ltr'><strong>mille</strong></span> <span class='ocrx_word' id='word_1_259' title='bbox 282 1762 502 1804; x_wconf 88' lang='lat' dir='ltr'><strong>drachmis</strong></span> <span class='ocrx_word' id='word_1_260' title='bbox 549 1759 846 1801; x_wconf 87' lang='lat' dir='ltr'><strong>mulctabatur</strong></span> <span class='ocrx_word' id='word_1_261' title='bbox 894 1764 939 1799; x_wconf 88' lang='lat' dir='ltr'><strong>et</strong></span> <span class='ocrx_word' id='word_1_262' title='bbox 985 1772 1037 1799; x_wconf 91' lang='lat' dir='ltr'><strong>eo</strong></span> <span class='ocrx_word' id='word_1_263' title='bbox 1086 1755 1258 1810; x_wconf 76' lang='grc' dir='ltr'><strong><em>ἀτιμίας</em></strong></span> <span class='ocrx_word' id='word_1_264' title='bbox 1303 1772 1494 1814; x_wconf 83' lang='lat' dir='ltr'><strong>genere,</strong></span> <span class='ocrx_word' id='word_1_265' title='bbox 1540 1763 1591 1799; x_wconf 89' lang='lat' dir='ltr'><strong>ut</strong></span> <span class='ocrx_word' id='word_1_266' title='bbox 1635 1773 1862 1815; x_wconf 85' lang='lat' dir='ltr'><strong>nunquam</strong></span> <span class='ocrx_word' id='word_1_267' title='bbox 1902 1759 2017 1801; x_wconf 88' lang='lat' dir='ltr'><strong>hanc</strong></span> <span class='ocrx_word' id='word_1_268' title='bbox 2049 1747 2473 1803; x_wconf 16' lang='lat' dir='ltr'><strong>actionem-iterum</strong></span> 
     </span>
     <span class='ocr_line' id='line_1_22' title="bbox 112 1836 1395 1880; baseline -0.005 -1"><span class='ocrx_word' id='word_1_269' title='bbox 112 1839 346 1880; x_wconf 83' lang='lat' dir='ltr'><strong>instituere</strong></span> <span class='ocrx_word' id='word_1_270' title='bbox 378 1836 550 1876; x_wconf 88' lang='lat' dir='ltr'><strong>liceret.</strong></span> <span class='ocrx_word' id='word_1_271' title='bbox 1393 1843 1395 1845; x_wconf 77' lang='grc'>’</span> 
     </span>
    </p>

    <p class='ocr_par' dir='ltr' id='par_1_3' title="bbox 105 1907 2533 2849">
     <span class='ocr_line' id='line_1_23' title="bbox 230 1907 2470 1966; baseline -0 -14"><span class='ocrx_word' id='word_1_272' title='bbox 230 1915 376 1966; x_wconf 87' lang='lat' dir='ltr'><strong>Atque</strong></span> <span class='ocrx_word' id='word_1_273' title='bbox 411 1925 459 1951; x_wconf 87' lang='lat' dir='ltr'><strong>ex</strong></span> <span class='ocrx_word' id='word_1_274' title='bbox 489 1909 571 1948; x_wconf 86' lang='lat' dir='ltr'><strong>hac</strong></span> <span class='ocrx_word' id='word_1_275' title='bbox 605 1908 882 1963; x_wconf 86' lang='lat' dir='ltr'><strong>disceptandi</strong></span> <span class='ocrx_word' id='word_1_276' title='bbox 913 1907 1121 1948; x_wconf 85' lang='lat' dir='ltr'><strong>facultate</strong></span> <span class='ocrx_word' id='word_1_277' title='bbox 1154 1907 1338 1963; x_wconf 85' lang='lat' dir='ltr'><strong>intelligi</strong></span> <span class='ocrx_word' id='word_1_278' title='bbox 1368 1913 1528 1965; x_wconf 83' lang='lat' dir='ltr'><strong>potest,</strong></span> <span class='ocrx_word' id='word_1_279' title='bbox 1561 1922 1643 1949; x_wconf 88' lang='lat' dir='ltr'><strong>cur</strong></span> <span class='ocrx_word' id='word_1_280' title='bbox 1671 1907 1960 1950; x_wconf 80' lang='lat' dir='ltr'><strong>Athenienses</strong></span> <span class='ocrx_word' id='word_1_281' title='bbox 1996 1909 2196 1950; x_wconf 80' lang='lat' dir='ltr'><strong>Undecim</strong></span> <span class='ocrx_word' id='word_1_282' title='bbox 2220 1909 2324 1951; x_wconf 85' lang='lat' dir='ltr'><strong>viris</strong></span> <span class='ocrx_word' id='word_1_283' title='bbox 2357 1909 2470 1951; x_wconf 85' lang='lat' dir='ltr'><strong>hanc</strong></span> 
     </span>
     <span class='ocr_line' id='line_1_24' title="bbox 109 1981 2471 2042; baseline -0.001 -16"><span class='ocrx_word' id='word_1_284' title='bbox 109 1992 375 2042; x_wconf 87' lang='lat' dir='ltr'><strong>potestatem</strong></span> <span class='ocrx_word' id='word_1_285' title='bbox 405 1983 660 2023; x_wconf 90' lang='lat' dir='ltr'><strong>tribuerint.</strong></span> <span class='ocrx_word' id='word_1_286' title='bbox 695 1983 847 2022; x_wconf 85' lang='lat' dir='ltr'><strong>Fuisse</strong></span> <span class='ocrx_word' id='word_1_287' title='bbox 882 1983 999 2022; x_wconf 80' lang='lat' dir='ltr'><strong>enim</strong></span> <span class='ocrx_word' id='word_1_288' title='bbox 1030 1982 1207 2021; x_wconf 88' lang='lat' dir='ltr'><strong>nonnisi</strong></span> <span class='ocrx_word' id='word_1_289' title='bbox 1241 1982 1410 2032; x_wconf 86' lang='lat' dir='ltr'><strong>decem,</strong></span> <span class='ocrx_word' id='word_1_290' title='bbox 1442 1996 1492 2023; x_wconf 84' lang='lat' dir='ltr'><strong>ex</strong></span> <span class='ocrx_word' id='word_1_291' title='bbox 1522 1981 1702 2037; x_wconf 83' lang='lat' dir='ltr'><strong>singulis</strong></span> <span class='ocrx_word' id='word_1_292' title='bbox 1732 1982 1937 2022; x_wconf 88' lang='lat' dir='ltr'><strong>tribubus</strong></span> <span class='ocrx_word' id='word_1_293' title='bbox 1969 1997 2107 2022; x_wconf 88' lang='lat' dir='ltr'><strong>unum</strong></span> <span class='ocrx_word' id='word_1_294' title='bbox 2138 1982 2281 2038; x_wconf 83' lang='lat' dir='ltr'><strong>iisque</strong></span> <span class='ocrx_word' id='word_1_295' title='bbox 2326 1983 2471 2024; x_wconf 84' lang='lat' dir='ltr'><strong>unde-</strong></span> 
     </span>
     <span class='ocr_line' id='line_1_25' title="bbox 109 2054 2533 2108; baseline -0.002 -8"><span class='ocrx_word' id='word_1_296' title='bbox 109 2061 271 2100; x_wconf 89' lang='lat' dir='ltr'><strong>cimum</strong></span> <span class='ocrx_word' id='word_1_297' title='bbox 305 2058 505 2097; x_wconf 88' lang='lat' dir='ltr'><strong>additum</strong></span> <span class='ocrx_word' id='word_1_298' title='bbox 535 2057 668 2095; x_wconf 87' lang='lat' dir='ltr'><strong>fuisse</strong></span> <span class='ocrx_word' id='word_1_299' title='bbox 700 2056 916 2104; x_wconf 87' lang='lat' dir='ltr'><strong>scribam,</strong></span> <span class='ocrx_word' id='word_1_300' title='bbox 967 2069 1055 2093; x_wconf 88' lang='lat' dir='ltr'><strong>non</strong></span> <span class='ocrx_word' id='word_1_301' title='bbox 1102 2055 1230 2093; x_wconf 89' lang='lat' dir='ltr'><strong>facile</strong></span> <span class='ocrx_word' id='word_1_302' title='bbox 1275 2054 1508 2108; x_wconf 89' lang='lat' dir='ltr'><strong>quisquam</strong></span> <span class='ocrx_word' id='word_1_303' title='bbox 1539 2055 1666 2093; x_wconf 85' lang='lat' dir='ltr'><strong>nobis</strong></span> <span class='ocrx_word' id='word_1_304' title='bbox 1696 2054 1995 2108; x_wconf 85' lang='lat' dir='ltr'><strong>persuadebit.</strong></span> <span class='ocrx_word' id='word_1_305' title='bbox 2040 2056 2147 2096; x_wconf 87' lang='lat' dir='ltr'><strong>Nam</strong></span> <span class='ocrx_word' id='word_1_306' title='bbox 2177 2062 2337 2097; x_wconf 81' lang='lat' dir='ltr'><strong>auctor</strong></span> <span class='ocrx_word' id='word_1_307' title='bbox 2366 2057 2467 2097; x_wconf 83' lang='lat' dir='ltr'><strong>Lex.</strong></span> <span class='ocrx_word' id='word_1_308' title='bbox 2530 2080 2533 2083; x_wconf 60' lang='lat'>&lt;</span> 
     </span>
     <span class='ocr_line' id='line_1_26' title="bbox 105 2120 2467 2187; baseline -0.001 -14"><span class='ocrx_word' id='word_1_309' title='bbox 105 2134 233 2174; x_wconf 84' lang='lat' dir='ltr'><strong>Rhet.</strong></span> <span class='ocrx_word' id='word_1_310' title='bbox 268 2134 365 2182; x_wconf 75' lang='lat'><strong>250,</strong></span> <span class='ocrx_word' id='word_1_311' title='bbox 397 2133 437 2174; x_wconf 92' lang='lat'><strong>7.</strong></span> <span class='ocrx_word' id='word_1_312' title='bbox 471 2128 619 2170; x_wconf 73' lang='grc' dir='ltr'><em>ἕνδεκα</em></span> <span class='ocrx_word' id='word_1_313' title='bbox 649 2127 757 2177; x_wconf 76' lang='grc' dir='ltr'><em>τίνες</em></span> <span class='ocrx_word' id='word_1_314' title='bbox 789 2127 900 2181; x_wconf 69' lang='grc' dir='ltr'>εἰσις</span> <span class='ocrx_word' id='word_1_315' title='bbox 932 2125 1146 2183; x_wconf 73' lang='grc' dir='ltr'><strong>κληρωτοί</strong></span> <span class='ocrx_word' id='word_1_316' title='bbox 1175 2122 1370 2182; x_wconf 75' lang='grc' dir='ltr'><em>ἄρχοντες</em></span> <span class='ocrx_word' id='word_1_317' title='bbox 1402 2120 1527 2181; x_wconf 78' lang='grc' dir='ltr'><strong><em>ἦσαν,</em></strong></span> <span class='ocrx_word' id='word_1_318' title='bbox 1559 2125 1703 2168; x_wconf 75' lang='grc' dir='ltr'><em>ἕνδεκα</em></span> <span class='ocrx_word' id='word_1_319' title='bbox 1732 2126 1804 2169; x_wconf 77' lang='grc' dir='ltr'><strong>τὸν</strong></span> <span class='ocrx_word' id='word_1_320' title='bbox 1834 2121 2016 2184; x_wconf 55' lang='lat' dir='ltr'><strong>figit-Juvat</strong></span> <span class='ocrx_word' id='word_1_321' title='bbox 2062 2135 2106 2170; x_wconf 88' lang='lat' dir='ltr'><strong>et</strong></span> <span class='ocrx_word' id='word_1_322' title='bbox 2150 2130 2291 2187; x_wconf 86' lang='lat' dir='ltr'><strong>Etym.</strong></span> <span class='ocrx_word' id='word_1_323' title='bbox 2338 2131 2396 2170; x_wconf 92' lang='grc' dir='ltr'><strong>Μ.</strong></span> <span class='ocrx_word' id='word_1_324' title='bbox 2429 2146 2467 2171; x_wconf 85' lang='lat' dir='ltr'><strong>v.</strong></span> 
     </span>
     <span class='ocr_line' id='line_1_27' title="bbox 108 2195 2467 2259; baseline -0.001 -12"><span class='ocrx_word' id='word_1_325' title='bbox 108 2206 284 2247; x_wconf 62' lang='lat' dir='ltr'><strong>Zvdzxa:</strong></span> <span class='ocrx_word' id='word_1_326' title='bbox 320 2201 533 2259; x_wconf 71' lang='grc' dir='ltr'><strong>κληρωτοὶ</strong></span> <span class='ocrx_word' id='word_1_327' title='bbox 565 2197 763 2256; x_wconf 74' lang='grc' dir='ltr'><strong>ἄρχοντες</strong></span> <span class='ocrx_word' id='word_1_328' title='bbox 792 2195 903 2255; x_wconf 77' lang='grc' dir='ltr'><em>ἦσαν</em></span> <span class='ocrx_word' id='word_1_329' title='bbox 931 2195 1045 2241; x_wconf 76' lang='grc' dir='ltr'><em>οὗτοι</em></span> <span class='ocrx_word' id='word_1_330' title='bbox 1076 2201 1284 2241; x_wconf 91' lang='lat' dir='ltr'><strong>undecim</strong></span> <span class='ocrx_word' id='word_1_331' title='bbox 1315 2202 1496 2256; x_wconf 84' lang='lat' dir='ltr'><strong>quidem</strong></span> <span class='ocrx_word' id='word_1_332' title='bbox 1525 2201 1642 2241; x_wconf 86' lang='lat' dir='ltr'><strong>viros</strong></span> <span class='ocrx_word' id='word_1_333' title='bbox 1672 2202 1806 2243; x_wconf 80' lang='lat' dir='ltr'><strong>fuisse</strong></span> <span class='ocrx_word' id='word_1_334' title='bbox 1836 2202 2031 2253; x_wconf 87' lang='lat' dir='ltr'><strong>tradunt,</strong></span> <span class='ocrx_word' id='word_1_335' title='bbox 2061 2203 2138 2244; x_wconf 89' lang='lat' dir='ltr'><strong>sed</strong></span> <span class='ocrx_word' id='word_1_336' title='bbox 2157 2204 2211 2244; x_wconf 88' lang='lat' dir='ltr'><strong>de</strong></span> <span class='ocrx_word' id='word_1_337' title='bbox 2230 2204 2467 2245; x_wconf 83' lang='lat' dir='ltr'><strong>undecimo</strong></span> 
     </span>
     <span class='ocr_line' id='line_1_28' title="bbox 110 2274 2467 2339; baseline -0.001 -21"><span class='ocrx_word' id='word_1_338' title='bbox 110 2276 255 2333; x_wconf 84' lang='lat' dir='ltr'><strong>eoque</strong></span> <span class='ocrx_word' id='word_1_339' title='bbox 289 2278 434 2317; x_wconf 86' lang='lat' dir='ltr'><strong>scriba</strong></span> <span class='ocrx_word' id='word_1_340' title='bbox 467 2276 576 2315; x_wconf 88' lang='lat' dir='ltr'><strong>nihil</strong></span> <span class='ocrx_word' id='word_1_341' title='bbox 610 2276 790 2315; x_wconf 89' lang='lat' dir='ltr'><strong>addunt.</strong></span> <span class='ocrx_word' id='word_1_342' title='bbox 819 2276 951 2339; x_wconf 34' lang='lat' dir='ltr'><strong>&#39;Apud</strong></span> <span class='ocrx_word' id='word_1_343' title='bbox 984 2276 1125 2314; x_wconf 87' lang='lat' dir='ltr'><strong>solum</strong></span> <span class='ocrx_word' id='word_1_344' title='bbox 1154 2275 1383 2314; x_wconf 90' lang='lat' dir='ltr'><strong>Pollucem</strong></span> <span class='ocrx_word' id='word_1_345' title='bbox 1413 2275 1641 2317; x_wconf 76' lang='lat' dir='ltr'><strong>V111.102.</strong></span> <span class='ocrx_word' id='word_1_346' title='bbox 1673 2274 1783 2315; x_wconf 89' lang='lat' dir='ltr'><strong>haec</strong></span> <span class='ocrx_word' id='word_1_347' title='bbox 1812 2277 1948 2316; x_wconf 82' lang='lat' dir='ltr'><strong>verba</strong></span> <span class='ocrx_word' id='word_1_348' title='bbox 1967 2277 2203 2332; x_wconf 84' lang='lat' dir='ltr'><strong>leguntur:</strong></span> <span class='ocrx_word' id='word_1_349' title='bbox 2235 2274 2282 2316; x_wconf 79' lang='grc' dir='ltr'><strong>οἱ</strong></span> <span class='ocrx_word' id='word_1_350' title='bbox 2304 2275 2467 2326; x_wconf 73' lang='grc' dir='ltr'><strong>ἕνδεκα,</strong></span> 
     </span>
     <span class='ocr_line' id='line_1_29' title="bbox 106 2345 2466 2405; baseline -0 -13"><span class='ocrx_word' id='word_1_351' title='bbox 106 2348 166 2401; x_wconf 67' lang='grc' dir='ltr'><strong>εἷς</strong></span> <span class='ocrx_word' id='word_1_352' title='bbox 197 2350 269 2405; x_wconf 73' lang='lat' dir='ltr'><strong>a&#39;rp’</strong></span> <span class='ocrx_word' id='word_1_353' title='bbox 302 2349 483 2403; x_wconf 73' lang='grc' dir='ltr'><strong><em>ἑκάστης</em></strong></span> <span class='ocrx_word' id='word_1_354' title='bbox 514 2348 862 2403; x_wconf 44' lang='grc' dir='ltr'><strong>φυλῆς-ἐγήννετο</strong></span> <span class='ocrx_word' id='word_1_355' title='bbox 893 2345 1301 2402; x_wconf 70' lang='grc' dir='ltr'><em>καίγραμμματεύς</em></span> <span class='ocrx_word' id='word_1_356' title='bbox 1333 2351 1658 2403; x_wconf 72' lang='grc' dir='ltr'><em>συνηριθμεῖτοε</em></span> <span class='ocrx_word' id='word_1_357' title='bbox 1699 2350 1776 2403; x_wconf 86' lang='lat' dir='ltr'><strong>qui</strong></span> <span class='ocrx_word' id='word_1_358' title='bbox 1823 2350 2001 2404; x_wconf 88' lang='lat' dir='ltr'><strong>quidem</strong></span> <span class='ocrx_word' id='word_1_359' title='bbox 2049 2351 2228 2405; x_wconf 83' lang='lat' dir='ltr'><strong>singulis</strong></span> <span class='ocrx_word' id='word_1_360' title='bbox 2259 2350 2466 2392; x_wconf 74' lang='lat' dir='ltr'><strong>tribubus</strong></span> 
     </span>
     <span class='ocr_line' id='line_1_30' title="bbox 110 2421 2467 2479; baseline -0.001 -13"><span class='ocrx_word' id='word_1_361' title='bbox 110 2433 239 2466; x_wconf 83' lang='lat' dir='ltr'><strong>s&#39;uum</strong></span> <span class='ocrx_word' id='word_1_362' title='bbox 272 2426 491 2479; x_wconf 81' lang='lat' dir='ltr'><strong>assignans</strong></span> <span class='ocrx_word' id='word_1_363' title='bbox 524 2424 682 2464; x_wconf 89' lang='lat' dir='ltr'><strong>Virum</strong></span> <span class='ocrx_word' id='word_1_364' title='bbox 715 2421 959 2477; x_wconf 88' lang='lat' dir='ltr'><strong>Capitalem</strong></span> <span class='ocrx_word' id='word_1_365' title='bbox 990 2437 1080 2461; x_wconf 88' lang='lat' dir='ltr'><strong>non</strong></span> <span class='ocrx_word' id='word_1_366' title='bbox 1114 2422 1248 2461; x_wconf 85' lang='lat' dir='ltr'><strong>babet</strong></span> <span class='ocrx_word' id='word_1_367' title='bbox 1279 2423 1334 2462; x_wconf 90' lang='lat' dir='ltr'><strong>ad</strong></span> <span class='ocrx_word' id='word_1_368' title='bbox 1365 2437 1498 2477; x_wconf 86' lang='lat' dir='ltr'><strong>quam</strong></span> <span class='ocrx_word' id='word_1_369' title='bbox 1528 2423 1694 2462; x_wconf 82' lang='lat' dir='ltr'><strong>referat</strong></span> <span class='ocrx_word' id='word_1_370' title='bbox 1725 2422 2023 2463; x_wconf 82' lang='lat' dir='ltr'><strong>undecimum.</strong></span> <span class='ocrx_word' id='word_1_371' title='bbox 2057 2424 2156 2474; x_wconf 88' lang='lat' dir='ltr'><strong>Qua</strong></span> <span class='ocrx_word' id='word_1_372' title='bbox 2188 2423 2242 2463; x_wconf 85' lang='lat' dir='ltr'><strong>de</strong></span> <span class='ocrx_word' id='word_1_373' title='bbox 2275 2436 2324 2463; x_wconf 84' lang='lat' dir='ltr'><strong>re</strong></span> <span class='ocrx_word' id='word_1_374' title='bbox 2344 2423 2467 2464; x_wconf 85' lang='lat' dir='ltr'><strong>hunc</strong></span> 
     </span>
     <span class='ocr_line' id='line_1_31' title="bbox 107 2478 2468 2552; baseline -0.001 -13"><span class='ocrx_word' id='word_1_375' title='bbox 107 2504 333 2539; x_wconf 89' lang='lat' dir='ltr'><strong>contemto</strong></span> <span class='ocrx_word' id='word_1_376' title='bbox 366 2499 460 2538; x_wconf 90' lang='lat' dir='ltr'><strong>fere</strong></span> <span class='ocrx_word' id='word_1_377' title='bbox 508 2498 679 2538; x_wconf 87' lang='lat' dir='ltr'><strong>scribae</strong></span> <span class='ocrx_word' id='word_1_378' title='bbox 712 2510 899 2536; x_wconf 90' lang='lat' dir='ltr'><strong>munere</strong></span> <span class='ocrx_word' id='word_1_379' title='bbox 929 2496 1132 2535; x_wconf 87' lang='lat' dir='ltr'><strong>functum</strong></span> <span class='ocrx_word' id='word_1_380' title='bbox 1163 2509 1255 2535; x_wconf 89' lang='lat' dir='ltr'><strong>esse</strong></span> <span class='ocrx_word' id='word_1_381' title='bbox 1288 2494 1396 2535; x_wconf 89' lang='lat' dir='ltr'><strong>dicit</strong></span> <span class='ocrx_word' id='word_1_382' title='bbox 1428 2500 1471 2536; x_wconf 89' lang='lat' dir='ltr'><strong>et</strong></span> <span class='ocrx_word' id='word_1_383' title='bbox 1502 2485 1603 2535; x_wconf 89' lang='lat' dir='ltr'><strong>eum</strong></span> <span class='ocrx_word' id='word_1_384' title='bbox 1632 2509 1807 2535; x_wconf 85' lang='lat' dir='ltr'><strong>servum</strong></span> <span class='ocrx_word' id='word_1_385' title='bbox 1828 2478 1953 2536; x_wconf 36' lang='lat' dir='ltr'><strong>*facit</strong></span> <span class='ocrx_word' id='word_1_386' title='bbox 2015 2495 2100 2536; x_wconf 86' lang='lat' dir='ltr'><strong>Sed</strong></span> <span class='ocrx_word' id='word_1_387' title='bbox 2148 2495 2342 2546; x_wconf 80' lang='lat' dir='ltr'><strong>scribae,</strong></span> <span class='ocrx_word' id='word_1_388' title='bbox 2390 2497 2468 2552; x_wconf 91' lang='lat' dir='ltr'><strong>qui</strong></span> 
     </span>
     <span class='ocr_line' id='line_1_32' title="bbox 110 2565 2465 2627; baseline -0 -14"><span class='ocrx_word' id='word_1_389' title='bbox 110 2573 155 2613; x_wconf 92' lang='lat' dir='ltr'><strong>in</strong></span> <span class='ocrx_word' id='word_1_390' title='bbox 177 2569 395 2627; x_wconf 67' lang='grc' dir='ltr'><strong>ὑπηρετῶν</strong></span> <span class='ocrx_word' id='word_1_391' title='bbox 409 2584 595 2611; x_wconf 89' lang='lat' dir='ltr'><strong>numero</strong></span> <span class='ocrx_word' id='word_1_392' title='bbox 611 2570 893 2617; x_wconf 77' lang='lat' dir='ltr'><strong>habebantur</strong></span> <span class='ocrx_word' id='word_1_393' title='bbox 914 2569 965 2623; x_wconf 81' lang='lat'><strong>³⁸)</strong></span> <span class='ocrx_word' id='word_1_394' title='bbox 982 2584 1196 2625; x_wconf 87' lang='lat' dir='ltr'><strong>nusquam</strong></span> <span class='ocrx_word' id='word_1_395' title='bbox 1216 2582 1362 2623; x_wconf 90' lang='lat' dir='ltr'><strong>neque</strong></span> <span class='ocrx_word' id='word_1_396' title='bbox 1378 2569 1542 2610; x_wconf 83' lang='lat' dir='ltr'><strong>Romae</strong></span> <span class='ocrx_word' id='word_1_397' title='bbox 1554 2565 1707 2624; x_wconf 53' lang='lat' dir='ltr'><strong>v&#39;neque</strong></span> <span class='ocrx_word' id='word_1_398' title='bbox 1723 2569 1903 2611; x_wconf 80' lang='lat' dir='ltr'><strong>Athenis</strong></span> <span class='ocrx_word' id='word_1_399' title='bbox 1921 2584 2007 2611; x_wconf 89' lang='lat' dir='ltr'><strong>una</strong></span> <span class='ocrx_word' id='word_1_400' title='bbox 2026 2585 2127 2611; x_wconf 88' lang='lat' dir='ltr'><strong>cum</strong></span> <span class='ocrx_word' id='word_1_401' title='bbox 2142 2570 2465 2627; x_wconf 84' lang='lat' dir='ltr'><strong>magistratibus</strong></span> 
     </span>
     <span class='ocr_line' id='line_1_33' title="bbox 108 2628 2467 2699; baseline -0 -13"><span class='ocrx_word' id='word_1_402' title='bbox 108 2647 197 2687; x_wconf 89' lang='lat' dir='ltr'><strong>suis</strong></span> <span class='ocrx_word' id='word_1_403' title='bbox 227 2646 541 2685; x_wconf 87' lang='lat' dir='ltr'><strong>nominantur:</strong></span> <span class='ocrx_word' id='word_1_404' title='bbox 572 2652 667 2684; x_wconf 89' lang='lat' dir='ltr'><strong>tum</strong></span> <span class='ocrx_word' id='word_1_405' title='bbox 698 2644 733 2684; x_wconf 87' lang='lat' dir='ltr'><strong>si</strong></span> <span class='ocrx_word' id='word_1_406' title='bbox 765 2644 838 2684; x_wconf 91' lang='lat' dir='ltr'><strong>cui</strong></span> <span class='ocrx_word' id='word_1_407' title='bbox 870 2644 1014 2683; x_wconf 89' lang='lat' dir='ltr'><strong>scriba</strong></span> <span class='ocrx_word' id='word_1_408' title='bbox 1045 2641 1462 2683; x_wconf 88' lang='lat' dir='ltr'><strong>commemoratione</strong></span> <span class='ocrx_word' id='word_1_409' title='bbox 1479 2642 1635 2697; x_wconf 83' lang='lat' dir='ltr'><strong>dignus</strong></span> <span class='ocrx_word' id='word_1_410' title='bbox 1655 2628 1746 2683; x_wconf 88' lang='lat' dir='ltr'><strong>esse</strong></span> <span class='ocrx_word' id='word_1_411' title='bbox 1766 2642 2009 2693; x_wconf 88' lang='lat' dir='ltr'><strong>videbatur,</strong></span> <span class='ocrx_word' id='word_1_412' title='bbox 2027 2658 2108 2684; x_wconf 88' lang='lat' dir='ltr'><strong>cur</strong></span> <span class='ocrx_word' id='word_1_413' title='bbox 2125 2659 2302 2699; x_wconf 85' lang='lat' dir='ltr'><strong>quaeso,</strong></span> <span class='ocrx_word' id='word_1_414' title='bbox 2321 2645 2467 2685; x_wconf 74' lang='lat' dir='ltr'><strong>carni-</strong></span> 
     </span>
     <span class='ocr_line' id='line_1_34' title="bbox 107 2705 2466 2773; baseline 0 -16"><span class='ocrx_word' id='word_1_415' title='bbox 107 2718 247 2769; x_wconf 81' lang='lat' dir='ltr'><strong>ficem,</strong></span> <span class='ocrx_word' id='word_1_416' title='bbox 283 2719 408 2758; x_wconf 90' lang='lat' dir='ltr'><strong>cuius</strong></span> <span class='ocrx_word' id='word_1_417' title='bbox 443 2733 600 2757; x_wconf 84' lang='lat' dir='ltr'><strong>munus</strong></span> <span class='ocrx_word' id='word_1_418' title='bbox 634 2718 763 2772; x_wconf 87' lang='lat' dir='ltr'><strong>longe</strong></span> <span class='ocrx_word' id='word_1_419' title='bbox 796 2717 968 2773; x_wconf 83' lang='lat' dir='ltr'><strong>gravius</strong></span> <span class='ocrx_word' id='word_1_420' title='bbox 1003 2723 1088 2765; x_wconf 81' lang='lat' dir='ltr'><strong>est,</strong></span> <span class='ocrx_word' id='word_1_421' title='bbox 1129 2731 1210 2755; x_wconf 86' lang='lat' dir='ltr'><strong>cur</strong></span> <span class='ocrx_word' id='word_1_422' title='bbox 1254 2729 1521 2770; x_wconf 88' lang='lat' dir='ltr'><strong>praeconem</strong></span> <span class='ocrx_word' id='word_1_423' title='bbox 1555 2710 2044 2757; x_wconf 58' lang='lat' dir='ltr'><strong>duodecimum-&#39;virum</strong></span> <span class='ocrx_word' id='word_1_424' title='bbox 2076 2717 2140 2757; x_wconf 89' lang='lat' dir='ltr'><strong>illi</strong></span> <span class='ocrx_word' id='word_1_425' title='bbox 2172 2705 2357 2757; x_wconf 75' lang='lat' dir='ltr'><strong>numero</strong></span> <span class='ocrx_word' id='word_1_426' title='bbox 2390 2706 2466 2757; x_wconf 77' lang='lat' dir='ltr'><strong>ad-</strong></span> 
     </span>
     <span class='ocr_line' id='line_1_35' title="bbox 107 2784 2466 2849; baseline 0.001 -18"><span class='ocrx_word' id='word_1_427' title='bbox 107 2791 291 2846; x_wconf 82' lang='lat' dir='ltr'><strong>iungere</strong></span> <span class='ocrx_word' id='word_1_428' title='bbox 333 2790 519 2831; x_wconf 82' lang='lat' dir='ltr'><strong>nolunt?</strong></span> <span class='ocrx_word' id='word_1_429' title='bbox 551 2789 638 2831; x_wconf 91' lang='lat' dir='ltr'><strong>Sed</strong></span> <span class='ocrx_word' id='word_1_430' title='bbox 670 2806 809 2846; x_wconf 90' lang='lat' dir='ltr'><strong>quum</strong></span> <span class='ocrx_word' id='word_1_431' title='bbox 840 2790 995 2832; x_wconf 87' lang='lat' dir='ltr'><strong>decem</strong></span> <span class='ocrx_word' id='word_1_432' title='bbox 1023 2790 1203 2831; x_wconf 81' lang='lat' dir='ltr'><strong>Poletae</strong></span> <span class='ocrx_word' id='word_1_433' title='bbox 1234 2790 1414 2842; x_wconf 87' lang='lat' dir='ltr'><strong>fuerint,</strong></span> <span class='ocrx_word' id='word_1_434' title='bbox 1447 2790 1600 2849; x_wconf 75' lang='lat' dir='ltr'><strong>decem</strong></span> <span class='ocrx_word' id='word_1_435' title='bbox 1630 2790 1898 2846; x_wconf 85' lang='lat' dir='ltr'><strong>Apodectae,</strong></span> <span class='ocrx_word' id='word_1_436' title='bbox 1931 2784 2086 2833; x_wconf 72' lang='lat' dir='ltr'><strong>decem</strong></span> <span class='ocrx_word' id='word_1_437' title='bbox 2117 2791 2294 2847; x_wconf 77' lang='lat' dir='ltr'><strong>Legisti,</strong></span> <span class='ocrx_word' id='word_1_438' title='bbox 2311 2790 2466 2833; x_wconf 81' lang='lat' dir='ltr'><strong>decem</strong></span> 
     </span>
    </p>
   </div>
   <div class='ocr_carea' id='block_1_2' title="bbox 105 2967 2465 3284">
    <p class='ocr_par' dir='ltr' id='par_1_4' title="bbox 106 2967 768 3013">
     <span class='ocr_line' id='line_1_36' title="bbox 106 2967 768 3013; baseline -0.002 -11"><span class='ocrx_word' id='word_1_439' title='bbox 106 2969 171 3009; x_wconf 82' lang='lat'><strong>31)</strong></span> <span class='ocrx_word' id='word_1_440' title='bbox 200 2968 332 3001; x_wconf 79' lang='lat' dir='ltr'><strong>Meier.</strong></span> <span class='ocrx_word' id='word_1_441' title='bbox 364 2974 403 3001; x_wconf 88' lang='lat' dir='ltr'><strong>et</strong></span> <span class='ocrx_word' id='word_1_442' title='bbox 431 2967 582 3001; x_wconf 70' lang='lat' dir='ltr'><strong>scham.</strong></span> <span class='ocrx_word' id='word_1_443' title='bbox 612 2979 648 3013; x_wconf 92' lang='lat' dir='ltr'><strong>p.</strong></span> <span class='ocrx_word' id='word_1_444' title='bbox 681 2969 768 3004; x_wconf 77' lang='lat'><strong>362.</strong></span> 
     </span>
    </p>

    <p class='ocr_par' dir='ltr' id='par_1_5' title="bbox 105 3033 1190 3082">
     <span class='ocr_line' id='line_1_37' title="bbox 105 3033 1190 3082; baseline 0.003 -15"><span class='ocrx_word' id='word_1_445' title='bbox 105 3035 171 3079; x_wconf 79' lang='lat'><strong>32)</strong></span> <span class='ocrx_word' id='word_1_446' title='bbox 202 3033 288 3067; x_wconf 66' lang='lat' dir='ltr'><strong>Via.</strong></span> <span class='ocrx_word' id='word_1_447' title='bbox 318 3035 538 3069; x_wconf 78' lang='lat' dir='ltr'><strong>Stallbaum.</strong></span> <span class='ocrx_word' id='word_1_448' title='bbox 570 3035 617 3069; x_wconf 85' lang='lat' dir='ltr'><strong>ad</strong></span> <span class='ocrx_word' id='word_1_449' title='bbox 646 3036 737 3070; x_wconf 85' lang='lat' dir='ltr'><strong>Plat.</strong></span> <span class='ocrx_word' id='word_1_450' title='bbox 766 3035 873 3082; x_wconf 83' lang='lat' dir='ltr'><strong>Apol.</strong></span> <span class='ocrx_word' id='word_1_451' title='bbox 905 3035 1008 3070; x_wconf 89' lang='lat' dir='ltr'><strong>Socr.</strong></span> <span class='ocrx_word' id='word_1_452' title='bbox 1035 3048 1072 3082; x_wconf 91' lang='lat' dir='ltr'><strong>p.</strong></span> <span class='ocrx_word' id='word_1_453' title='bbox 1106 3039 1190 3074; x_wconf 86' lang='lat'><strong>139.</strong></span> 
     </span>
    </p>

    <p class='ocr_par' dir='ltr' id='par_1_6' title="bbox 106 3099 2465 3284">
     <span class='ocr_line' id='line_1_38' title="bbox 106 3099 2464 3152; baseline 0.002 -17"><span class='ocrx_word' id='word_1_454' title='bbox 106 3099 170 3145; x_wconf 81' lang='grc'><strong>33)</strong></span> <span class='ocrx_word' id='word_1_455' title='bbox 213 3103 271 3136; x_wconf 92' lang='lat' dir='ltr'><strong>De</strong></span> <span class='ocrx_word' id='word_1_456' title='bbox 314 3101 372 3136; x_wconf 79' lang='lat' dir='ltr'><strong>his</strong></span> <span class='ocrx_word' id='word_1_457' title='bbox 414 3104 547 3137; x_wconf 76' lang='lat' dir='ltr'><strong>scribis</strong></span> <span class='ocrx_word' id='word_1_458' title='bbox 586 3104 819 3150; x_wconf 70' lang='grc' dir='ltr'><strong>ὖπηρὲταις,,</strong></span> <span class='ocrx_word' id='word_1_459' title='bbox 842 3113 1002 3149; x_wconf 84' lang='lat' dir='ltr'><strong>quorum</strong></span> <span class='ocrx_word' id='word_1_460' title='bbox 1042 3116 1177 3138; x_wconf 78' lang='lat' dir='ltr'><strong>munus</strong></span> <span class='ocrx_word' id='word_1_461' title='bbox 1222 3105 1352 3150; x_wconf 86' lang='lat' dir='ltr'><strong>paullo</strong></span> <span class='ocrx_word' id='word_1_462' title='bbox 1382 3106 1610 3139; x_wconf 75' lang='lat' dir='ltr'><strong>contemtius</strong></span> <span class='ocrx_word' id='word_1_463' title='bbox 1651 3112 1750 3148; x_wconf 85' lang='lat' dir='ltr'><strong>crat,</strong></span> <span class='ocrx_word' id='word_1_464' title='bbox 1786 3106 1861 3140; x_wconf 76' lang='lat' dir='ltr'><strong>vid.</strong></span> <span class='ocrx_word' id='word_1_465' title='bbox 1898 3106 2124 3152; x_wconf 79' lang='lat' dir='ltr'><strong>wesseling.</strong></span> <span class='ocrx_word' id='word_1_466' title='bbox 2158 3106 2205 3140; x_wconf 84' lang='lat' dir='ltr'><strong>ad</strong></span> <span class='ocrx_word' id='word_1_467' title='bbox 2240 3107 2350 3141; x_wconf 84' lang='lat' dir='ltr'><strong>Petit.</strong></span> <span class='ocrx_word' id='word_1_468' title='bbox 2377 3106 2464 3151; x_wconf 78' lang='lat' dir='ltr'><strong>Leg-</strong></span> 
     </span>
     <span class='ocr_line' id='line_1_39' title="bbox 186 3170 2465 3220; baseline 0.002 -15"><span class='ocrx_word' id='word_1_469' title='bbox 186 3170 317 3205; x_wconf 68' lang='lat' dir='ltr'><strong>Attio.</strong></span> <span class='ocrx_word' id='word_1_470' title='bbox 347 3182 383 3215; x_wconf 87' lang='lat' dir='ltr'><strong>p.</strong></span> <span class='ocrx_word' id='word_1_471' title='bbox 415 3171 498 3208; x_wconf 54' lang='lat'><strong>3¹42.</strong></span> <span class='ocrx_word' id='word_1_472' title='bbox 543 3171 653 3205; x_wconf 85' lang='lat' dir='ltr'><strong>Wolf.</strong></span> <span class='ocrx_word' id='word_1_473' title='bbox 699 3170 746 3205; x_wconf 84' lang='lat' dir='ltr'><strong>ad</strong></span> <span class='ocrx_word' id='word_1_474' title='bbox 785 3171 978 3206; x_wconf 84' lang='lat' dir='ltr'><strong>Demosth.</strong></span> <span class='ocrx_word' id='word_1_475' title='bbox 1016 3173 1165 3217; x_wconf 84' lang='lat' dir='ltr'><strong>Leptin.</strong></span> <span class='ocrx_word' id='word_1_476' title='bbox 1196 3185 1232 3218; x_wconf 90' lang='lat' dir='ltr'><strong>p.</strong></span> <span class='ocrx_word' id='word_1_477' title='bbox 1263 3171 1348 3209; x_wconf 70' lang='lat'><strong>384.</strong></span> <span class='ocrx_word' id='word_1_478' title='bbox 1377 3172 1541 3207; x_wconf 74' lang='lat' dir='ltr'><strong>Bocckli.</strong></span> <span class='ocrx_word' id='word_1_479' title='bbox 1573 3174 1779 3209; x_wconf 87' lang='lat' dir='ltr'><strong>Oeconom.</strong></span> <span class='ocrx_word' id='word_1_480' title='bbox 1801 3174 1917 3212; x_wconf 75' lang='lat' dir='ltr'><strong>Civil.</strong></span> <span class='ocrx_word' id='word_1_481' title='bbox 1947 3173 2080 3209; x_wconf 83' lang='lat' dir='ltr'><strong>Athen.</strong></span> <span class='ocrx_word' id='word_1_482' title='bbox 2110 3175 2153 3209; x_wconf 92' lang='grc' dir='ltr'><strong>Τ.</strong></span> <span class='ocrx_word' id='word_1_483' title='bbox 2181 3175 2209 3210; x_wconf 91' lang='lat'><strong>1.</strong></span> <span class='ocrx_word' id='word_1_484' title='bbox 2238 3186 2275 3220; x_wconf 88' lang='lat' dir='ltr'><strong>p.</strong></span> <span class='ocrx_word' id='word_1_485' title='bbox 2305 3173 2393 3212; x_wconf 76' lang='lat'><strong>201.</strong></span> <span class='ocrx_word' id='word_1_486' title='bbox 2423 3177 2465 3209; x_wconf 78' lang='lat' dir='ltr'><strong>et</strong></span> 
     </span>
     <span class='ocr_line' id='line_1_40' title="bbox 207 3236 1596 3284; baseline 0.003 -13"><span class='ocrx_word' id='word_1_487' title='bbox 207 3236 374 3272; x_wconf 86' lang='lat' dir='ltr'><strong>Goeller.</strong></span> <span class='ocrx_word' id='word_1_488' title='bbox 407 3237 453 3272; x_wconf 83' lang='lat' dir='ltr'><strong>ad</strong></span> <span class='ocrx_word' id='word_1_489' title='bbox 483 3237 651 3284; x_wconf 85' lang='lat' dir='ltr'><strong>Thucyd.</strong></span> <span class='ocrx_word' id='word_1_490' title='bbox 682 3239 761 3273; x_wconf 90' lang='lat' dir='ltr'><strong>VII.</strong></span> <span class='ocrx_word' id='word_1_491' title='bbox 796 3239 853 3275; x_wconf 90' lang='lat'><strong>10.</strong></span> <span class='ocrx_word' id='word_1_492' title='bbox 884 3238 977 3274; x_wconf 81' lang='lat' dir='ltr'><strong>Add.</strong></span> <span class='ocrx_word' id='word_1_493' title='bbox 1010 3238 1241 3274; x_wconf 78' lang='lat' dir='ltr'><strong>Freinshem.</strong></span> <span class='ocrx_word' id='word_1_494' title='bbox 1272 3238 1319 3274; x_wconf 83' lang='lat' dir='ltr'><strong>ad</strong></span> <span class='ocrx_word' id='word_1_495' title='bbox 1348 3240 1448 3275; x_wconf 80' lang='lat' dir='ltr'><strong>Flor.</strong></span> <span class='ocrx_word' id='word_1_496' title='bbox 1477 3242 1505 3276; x_wconf 92' lang='lat'><strong>1.</strong></span> <span class='ocrx_word' id='word_1_497' title='bbox 1540 3243 1596 3278; x_wconf 86' lang='lat'><strong>10.</strong></span> 
     </span>
    </p>
   </div>
  </div>
 </body>
</html>
