2651 3489
1286 102 1325 156 2

130 250 318 316 quorum
366 256 702 297 necessitatibus
753 256 1105 297 subveniendum
1154 271 1246 298 esse
1292 257 1562 309 arbitrabar,
1611 261 1997 303 communicarem.
2050 266 2076 314 ι)
2129 263 2184 304 At
2230 280 2369 322 quum
2397 266 2484 309 iam

128 333 171 373 in
214 345 418 387 campum
466 337 665 386 apertum
715 343 951 370 excurrere
1000 337 1043 369 et
1089 319 1223 370 altum
1259 339 1414 387 petere
1448 335 1715 389 coepissem,
1751 337 1865 375 iusto
1898 340 2037 377 serius
2069 315 2278 378 videbani
2303 343 2479 382 maioris

124 407 312 450 ambitus
369 406 455 448 hoc
510 419 618 461 opus
677 406 876 449 futurum
922 419 1042 458 esse,
1100 420 1231 463 quam
1285 413 1336 446 ut
1391 407 1515 447 intra‘
1562 409 1833 466 angustiores
1880 395 2037 449 libelli=
2070 414 2320 454 scholastici
2367 417 2475 457 fines

123 481 379 524 confectum
437 485 480 522 et
540 479 789 521 absolutum
853 479 906 519 iri
967 492 1140 535 possem
1189 492 1381 535 sperare.
1464 480 1554 521 lam
1614 482 1750 539 igitur
1811 485 1917 524 velis
1978 488 2216 527 contractis
2276 490 2482 530 brevitati

122 555 391 599 studendum
423 554 517 595 fuit.
2487 548 2493 552 ’

237 630 504 670 Continetur
536 628 674 668 omnis
709 628 763 668 dc
795 628 1123 668 Undecimviris
1157 630 1406 684 disquisitio
1446 629 1619 669 duobus
1665 632 1944 685 potissimum
1991 634 2235 688 capitibus,
2289 649 2481 691 quorum

121 706 308 745 alterum
343 718 455 758 quae
488 703 696 752 carceris,
730 704 996 753 vinctorum,
1030 704 1184 759 capitis
1204 703 1510 745 damnatorum
1537 718 1644 744 cura
1662 704 1712 744 iis
1732 705 1960 745 commissa
1977 706 2124 757 fuerit,
2160 706 2477 762 demonstrare,

124 780 313 819 alterum
343 777 398 817 de
433 791 590 817 eorum
622 776 932 817 iurisdictione
964 791 1093 832 agere
1127 778 1270 818 debet.
1331 779 1398 818 De
1432 784 1624 834 utroque
1657 780 1894 833 separatim
1924 780 2164 821 dicendum
2195 788 2272 821 est.

237 854 400 892 Munus
432 851 858 891 Undecimvirorum
889 852 1006 905 apud
1038 852 1324 893 Athenienses
1359 852 1518 907 duplex
1548 852 1644 892 fuit.
1676 852 1739 891 Ut
1770 852 1889 891 enim
1919 867 2026 893 cura
2059 855 2108 894 iis
2150 856 2353 897 mandata
2385 865 2480 899 erat

121 927 319 968 omnium
351 927 526 977 eorum,
577 927 653 982 qui
701 927 744 978 in
793 926 969 966 vincula
1017 927 1196 980 publica
1229 927 1422 967 coniecti
1465 933 1618 977 erant,
1664 926 1722 966 ita
1770 934 1935 967 certam
1977 928 2197 982 quandam
2238 929 2476 985 iudicandi,

118 1001 350 1056 puniendi,
385 1000 623 1041 accusandi
655 1000 742 1039 vim
776 1007 818 1040 et
851 1000 1162 1040 auctoritatem
1192 1000 1426 1041 habebant.
1491 1002 1770 1055 Quamquam
1802 1002 1919 1041 enim
1948 1004 2292 1057 magistratuum,
2322 1007 2402 1061 qui
2432 1007 2475 1047 in

119 1074 297 1116 civitate
331 1089 423 1115 esse
456 1079 669 1129 possunt,
712 1074 800 1114 duo
835 1074 923 1113 sint
954 1088 1143 1130 genera,
1193 1074 1380 1113 alterum
1413 1087 1591 1125 eorum,
1644 1088 1834 1130 quorum
1877 1081 1942 1116 est
1971 1076 2152 1127 videre,
2200 1084 2249 1117 ut
2279 1078 2478 1119 iudicum

113 1149 342 1189 sententiis
390 1148 760 1203 reliquorumque
815 1148 1147 1202 magistratuum
1194 1148 1387 1202 imperiis
1437 1148 1808 1203 obtemperetur,·
1840 1164 1949 1204 quos
1995 1148 2127 1203 ἀρχᾶς
2181 1150 2477 1205 φυλαττούσας

115 1223 372 1263 Aristoteles
407 1223 631 1272 nominat,
665 1223 849 1262 alterum
886 1235 1067 1272 eorum,
1101 1223 1177 1275 qui
1211 1236 1299 1262 non
1331 1223 1473 1263 solum
1504 1223 1725 1278 vigilando
1759 1229 1803 1263 et
1834 1224 2149 1275 custodiendo,
2182 1224 2258 1266 sed
2304 1226 2474 1281 agendo

116 1303 160 1337 et
191 1297 435 1337 laborando
469 1296 744 1351 reipublicae
776 1296 988 1350 prodesse
1022 1296 1222 1350 cupiunt,
1258 1310 1366 1351 quos
1399 1293 1533 1352 ἀρχᾶς
1572 1294 1863 1351 πραττομένας
1902 1297 2019 1338 idem
2057 1298 2312 1339 Aristoteles
2354 1298 2476 1350 dicit,

121 1385 267 1425 neque
300 1376 541 1424 utrumque
574 1386 732 1411 munus
766 1371 809 1410 in
844 1384 931 1410 uno
967 1370 1212 1424 eodemque
1257 1370 1438 1411 homine
1484 1377 1607 1412 recte
1649 1372 1859 1428 coniungi
1899 1386 2027 1427 posse
2064 1372 2287 1425 videatur,
2332 1379 2477 1415 tamen

112 1443 483 1494 Undecimvirm,
532 1449 581 1484 ut
630 1457 780 1485 omnes
828 1445 921 1485 fere
968 1444 1302 1486 Atheniensium
1345 1444 1618 1501 magistratus
1666 1444 1832 1500 duplici
1872 1445 1977 1483 huic
2016 1447 2190 1484 muneri
2231 1448 2474 1502 praefuisse

111 1516 372 1560 invenimus.
444 1518 558 1560 Sunt
589 1517 773 1559 fortasse
806 1518 850 1559 in
885 1523 1033 1559 nostra
1067 1523 1232 1569 aetate,
1282 1518 1358 1575 qui
1403 1518 1489 1559 hoc
1521 1518 1664 1559 minus
1695 1518 1811 1559 hene
1843 1518 2091 1558 institutum
2126 1533 2219 1559 esse
2252 1527 2473 1559 censeant.

116 1592 283 1632 Nolunt
318 1593 434 1633 enim
470 1593 647 1634 eosdem
678 1593 795 1634 viros
831 1599 874 1634 et
908 1595 973 1634 ius
1008 1593 1160 1634 dicere
1194 1598 1237 1633 et
1267 1592 1433 1643 videre,
1467 1597 1514 1631 ut
1547 1605 1597 1630 ea
1628 1593 1745 1643 fiant,
1780 1606 1894 1647 quae
1926 1594 2095 1632 iudices
2127 1595 2346 1633 iusserint.
2420 1599 2474 1634 At

117 1666 145 1705 ii
179 1667 390 1721 cogitent,
425 1667 554 1722 longe
589 1666 714 1707 aliam
742 1668 875 1707 fuisse
894 1673 1094 1707 veterum
1114 1679 1265 1706 rerum
1282 1666 1563 1720 publicarum
1583 1666 1801 1706 rationem
1819 1680 1870 1706 ac
1888 1673 2150 1706 nostrarum.
2183 1668 2474 1708 Athenienses

109 1741 239 1788 enim,
274 1755 408 1794 quum
442 1746 586 1780 certos
622 1754 786 1794 eosque
821 1754 985 1794 paucos
1017 1740 1218 1779 homines
1242 1769 1252 1789 ,
1301 1739 1377 1793 qui
1409 1739 1637 1778 scientiam
1676 1753 1908 1778 causarum
1940 1740 2207 1795 agendarum
2241 1742 2472 1797 litiumque

110 1814 463 1855 dirimendarum
495 1813 549 1854 ad
582 1814 684 1854 artis
719 1813 950 1855 cuiusdam
984 1827 1182 1854 normam
1212 1812 1704 1869 redegerintsiudices
1739 1825 1830 1853 esse
1865 1813 2063 1863 nollent,
2115 1814 2279 1870 quippe
2313 1815 2471 1870 quibus

114 1903 201 1927 non
237 1888 379 1928 solum
415 1887 641 1928 iudicandi
673 1894 948 1941 potestatem,
981 1902 1134 1927 verum
1168 1886 1297 1928 etiam
1329 1886 1462 1927 totius
1495 1886 1770 1940 reipublicae
1789 1900 1940 1927 curam
1969 1888 2252 1929 tradiderunt
2273 1893 2314 1941 ²),
2342 1903 2473 1945 quam

108 1962 345 2014 plurimos,
397 1976 484 2001 non
535 1967 783 2010 sexcentos,
824 1965 873 2001 ut
914 1959 1082 2010 dicunt,
1127 1958 1348 2010 homiues,
1397 1958 1474 2000 sed
1520 1958 1654 2001 sexies
1702 1959 1849 2012 mille,
1899 1960 2122 2003 interdum
2156 1962 2299 2014 etiam,
2332 1968 2381 2003 ut
2424 1963 2469 2003 in

109 2035 421 2088 εἰσαγγελάιις,
476 2035 734 2075 universum
780 2034 996 2088 populum
1054 2032 1109 2074 ad
1164 2031 1364 2087 suffragia
1418 2031 1602 2074 serenda
1665 2039 2035 2076 convocaverunt.
2088 2038 2115 2086 ³)
2176 2034 2308 2077 Unde
2354 2037 2472 2092 apud

111 2110 453 2163 Aristophanem
486 2108 781 2161 Strepsiades‚
817 2123 952 2162 quum
986 2107 1028 2146 in
1062 2106 1211 2146 tabula
1242 2105 1754 2160 geographica‘Athenas
1796 2114 2032 2161 quaereret
2066 2109 2107 2147 in
2141 2122 2300 2163 easque
2334 2108 2469 2165 digito

109 2184 360 2233 incideret,
409 2183 624 2234 miratur,
678 2183 753 2238 qui
802 2183 907 2223 istae
941 2182 1026 2223 sint
1058 2180 1276 2229 Athenae,
1323 2194 1459 2236 quum
1490 2177 1657 2220 iudices
1690 2192 1778 2219 non
1813 2180 1969 2222 videat.
2014 2181 2049 2234 ⁴)
2096 2182 2315 2223 Lucianus
2360 2196 2465 2223 vero

103 2410 138 2455 1)
168 2411 468 2458 Disputaveruut
498 2409 543 2445 dc
573 2409 862 2445 Atheniensium
893 2409 1166 2445 Undecimviris
1197 2414 1282 2457 post
1309 2410 1485 2443 Romnum
1516 2407 1729 2443 Commeat:
1753 2408 1790 2441 L.
1821 2406 1894 2442 Gr..
1913 2418 1949 2455 p-
1981 2410 2065 2444 252.
2091 2407 2268 2449 ‚Unnomzu
2297 2406 2450 2440 Ennium

207 2481 253 2515 de
297 2480 505 2526 Republica
548 2479 838 2514 Atheniensium
883 2491 914 2515 c.
958 2481 1015 2517 10.
1061 2480 1100 2514 in
1138 2479 1304 2514 Gronov.
1334 2478 1444 2513 Thes.
1476 2479 1519 2513 Τ.
1548 2478 1594 2515 V.
1622 2490 1659 2525 p.
1692 2480 1790 2514 1332
1818 2489 1873 2525 sq.
1903 2482 1941 2511 et
1981 2477 2158 2510 cinnum
2187 2476 2373 2510 Sicos-um
2402 2476 2448 2510 de

206 2539 417 2595 Republica
446 2547 736 2583 Atheniensium
776 2549 814 2583 in
846 2548 1009 2583 Gronov.
1057 2548 1170 2583 Thes.
1199 2548 1244 2582 Τ.
1269 2548 1329 2581 VI.
1360 2559 1395 2594 p.
1426 2548 1524 2585 2692
1553 2558 1607 2594 sq.
1638 2546 1840 2581 Saum-nus
1870 2546 1909 2579 in
1948 2545 2195 2578 Lectionibus
2225 2543 2460 2577 Andocideis

205 2616 379 2662 Lugduni
409 2628 441 2650 a.
475 2614 584 2652 1804.
617 2616 729 2650 editis
761 2628 793 2662 p.
827 2615 910 2652 254.
942 2618 1099 2651 Unniccs
1130 2618 1169 2649 in
1200 2616 1519 2650 commentatione
1548 2615 1716 2660 Dialogis
1745 2614 1889 2647 Platon.
1920 2613 2072 2645 Menon.
2106 2612 2247 2644 Criton.
2274 2610 2458 2644 Alcibiad.

196 2687 212 2719 1
244 2691 284 2718 et
313 2685 345 2717 ΙΙ
376 2684 414 2717 in
445 2684 608 2729 linguam
640 2684 878 2718 vernaculam
916 2684 1100 2729 (Berolini
1132 2677 1245 2729 1821)
1288 2684 1478 2718 translatis
1507 2693 1663 2735 ann-exa.
1727 2682 1864 2714 Passim
1893 2680 1939 2714 de
1969 2681 2014 2713 iis
2045 2686 2204 2725 egerunt
2231 2681 2394 2713 Mamaos
2425 2684 2463 2711 et

199 2753 448 2786 scammis-sus
479 2751 518 2783 in
546 2751 729 2784 Doctrina
758 2753 952 2785 actionum
979 2753 1185 2786 sorensium
1215 2751 1315 2797 apud
1342 2751 1606 2791 Athenienses,
1627 2750 1730 2783 Halis
1764 2749 1871 2785 1824.
1902 2750 2065 2782 Munus
2095 2749 2134 2780 in
2162 2747 2328 2779 Historia
2357 2746 2459 2778 iuris.

198 2820 306 2854 attici
337 2819 383 2852 de
413 2819 525 2851 bonis
554 2818 832 2858 damnatorum,
869 2820 1039 2852 Berolini
1083 2831 1114 2852 a.
1149 2821 1257 2854 1819.
1297 2819 1336 2851 in
1375 2819 1498 2852 lucem
1529 2819 1675 2858 emissa,
1705 2817 2002 2850 Hunrwstunus
2033 2815 2079 2848 de
2108 2812 2285 2847 diaetetis
2314 2811 2460 2855 (Jeme,

199 2890 326 2930 1812.)
368 2888 563 2921 Martum:
603 2886 649 2919 de
689 2888 842 2921 iudiciis
886 2889 1178 2922 Atheniensium
1207 2888 1246 2920 in
1284 2887 1495 2920 Miscellan.
1538 2884 1687 2930 philon.
1720 2884 1804 2917 vol.
1836 2885 1863 2917 Ι.
1895 2895 1930 2928 p.
1962 2880 2035 2918 249
2064 2892 2118 2926 sq.
2148 2880 2387 2914 Turius-sus
2419 2879 2458 2913 in

194 2958 296 2994 libro
315 2969 399 2993 suo:
417 2957 667 3003 Darstellung
681 2957 934 3003 griechischer
961 2956 1368 3000 Staazsverfissungen,
1397 2956 1496 2999 Lips.
1518 2954 1627 2989 1822.
1647 2958 1686 2986 et
1702 2952 1912 2987 Heri-renus
1931 2951 1971 2984 in
1995 2949 2111 2985 libro:
2140 2946 2198 3009 die
2224 2946 2469 2982 athendische

198 3029 600 3074 Gerichtsuerfitssung
628 3028 811 3073 inscripto
843 3032 956 3072 atque
988 3025 1171 3059 Coloniae
1201 3036 1233 3058 a.
1267 3026 1375 3060 1822.
1408 3022 1525 3057 edito.

89 3100 126 3146 2)
158 3098 211 3133 Cf.
243 3098 290 3133 de
321 3109 463 3132 summa
496 3095 667 3130 iudicum
697 3095 797 3142 apud
825 3095 1077 3130 Athenienses
1107 3093 1335 3127 auctoritate
1365 3092 1518 3124 Heffter.
1548 3090 1573 3124 1.
1604 3090 1629 3124 1.
1659 3101 1693 3136 p.
1728 3091 1771 3124 11
1802 3099 1857 3134 sq.

91 3169 128 3213 3)
159 3169 242 3202 vid.
279 3168 326 3201 de
356 3167 428 3200 hoc
459 3168 694 3212 εἰςαγγελιῶν
722 3177 857 3211 genere
889 3170 927 3198 et
955 3164 1001 3198 de
1031 3163 1133 3209 νόμῳ
1161 3162 1413 3208 εἰςαγγελτικῲ
1443 3160 1575 3195 Meicr.
1608 3165 1646 3195 et
1674 3157 1823 3193 Scbiim.
1853 3169 1888 3203 p.
1921 3155 1993 3192 265
2023 3165 2075 3202 sq.

90 3236 128 3279 4)
157 3237 346 3283 Aristoph.
377 3236 504 3270 Nuba.
538 3235 612 3271 207
