2651 3489
1302 47 1338 107 3

1302 126 1576 133 m-ffl—un-

147 210 435 270 plurimarum
468 200 662 266 gentium
694 219 838 246 mores
870 212 915 246 et
944 207 1287 246 consuetudines
1319 220 1554 245 recensens
1592 205 1716 260 fingit
1747 219 1791 245 se
1822 205 1974 245 videre
2008 207 2135 247 Getas
2165 208 2490 263 belligerantes,

147 288 328 345 Scythas
363 288 406 324 in
438 283 644 339 plaustris
678 283 763 320 suis
795 282 1004 321 viventes,
1033 281 1265 335 Aegyptios
1298 295 1422 335 agros
1455 281 1664 326 colentes,
1695 280 1938 320 Phoenices
1965 282 2309 335 peregrinantes,
2327 283 2485 327 Cilices

142 362 434 420 praedantes,
496 356 867 396 Lacedaemonios
919 355 1049 409 virgis
1115 356 1325 393 iuvenum
1381 369 1569 408 corpora
1629 354 1901 403 lacerantes,
1955 354 2240 395 Athenienses
2287 373 2392 397 vero
2440 363 2483 396 in

142 434 317 477 iudiciis
351 432 568 471 sedentes.
605 434 632 481 5)
2221 421 2228 425 .

210 560 218 566 ἱ
253 507 448 547 Primum
487 503 814 545 Undecimviris
862 503 961 541 datu
1007 509 1102 542 erat
1148 504 1338 541 carceris
1379 508 1422 540 et
1463 503 1715 541 vinctorum
1761 518 1883 541 cura.
1962 503 2186 542 Dicuntur
2217 507 2337 560 enim*
2365 507 2481 559 apud

138 566 358 623 Heraclid.
390 581 517 619 Pont.
551 580 604 618 de
635 579 803 617 Politiis
833 593 876 632 p.
907 577 949 618 4.
982 578 1049 616 ed.
1082 578 1276 626 Koeleu,
1308 576 1428 614 Suid.
1462 592 1499 614 v.
1533 574 1678 615 ἕνδεκα
1712 584 1753 614 et
1785 577 2010 616 Pollucem
2030 579 2140 627 VIII,
2162 581 2254 620 102.
2275 578 2313 618 οἱ
2340 580 2482 629 ἐπιμε-

137 653 326 709 λούμενοι
353 653 441 695 ταῗν
470 652 515 694 ἐν
543 650 601 709 τῷ
631 649 917 708 δεσμωτηρίῳ,
952 637 1252 707 quibus—add.r
1273 649 1419 689 Schol.
1452 649 1507 689 ad
1536 650 1757 704 Aristoph.
1779 651 1909 705 Vesp.
1941 666 1979 691 v.
2002 654 2142 696 1103.:
2175 651 2352 708 ἐτήρουν
2367 647 2480 694 οὗτοι

134 730 230 779 τοῦς
262 726 511 781 δεδεμένους.
546 728 723 778 Quanto
754 725 892 781 pluris
924 739 1029 765 vero
1061 723 1350 770 Athenienses
1384 724 1602 774 fecerunt,
1634 725 1669 764 si
1701 725 1797 779 quis
1817 739 1996 765 carcere
2014 726 2338 777 includebatur,
2355 733 2478 767 tanto

133 805 273 845 maior
304 816 396 842 esse
427 801 618 842 debebat
649 814 804 839 eorum
836 798 1087 849 auctoritas,
1117 811 1253 852 penes
1288 811 1398 852 quos
1429 798 1680 851 respublica
1712 798 1903 838 carceris
1936 800 2179 839 custodiam
2212 815 2305 841 esse
2325 801 2475 841 voluit.

128 885 273 936 Atque
288 879 373 919 iam
392 891 439 919 ex
454 873 755 925 iureiurando,
774 872 894 929 quod
911 872 1160 923 Senatores,
1178 877 1414 928 antequam
1430 887 1586 912 munus
1606 872 1790 924 inibant,
1802 874 1948 914 facere
1963 874 2320 930 solebant,patet,
2335 890 2476 932 quan-

129 958 224 994 tum
239 952 398 992 malum
417 951 496 1005 ipsi
514 949 799 990 Athenienses
820 946 1344 998 iudicaverint,libe1·'tate
1375 962 1452 985 sua
1474 947 1665 1002 aliquem
1683 948 1870 1001 privare.
1904 949 2109 988 Iurabant
2128 950 2243 989 enim
2270 965 2314 990 se
2333 952 2475 992 „unos

129 1029 174 1067 in
206 1025 450 1067 custodiam
480 1024 686 1062 missuros
720 1036 825 1072 esse,
856 1021 938 1060 nisi
973 1019 1048 1075 qui
1081 1033 1294 1058 novarum
1325 1034 1477 1067 rerum
1507 1020 1690 1059 studiosi
1724 1021 1945 1060 civitatem
1966 1028 2164 1062 evertere
2184 1031 2469 1074 conarentur,

130 1105 205 1140 aut
236 1098 326 1155 qui,
358 1094 496 1153 quum
522 1096 749 1152 publicani
780 1101 946 1143 essent,
976 1094 1187 1148 pecunias
1218 1093 1518 1147 respublicae
1551 1095 1718 1134 debitas
1751 1095 1920 1134 solvere
1954 1095 2138 1144 nollent,
2170 1103 2246 1136 aut
2278 1097 2471 1152 denique

130 1176 206 1231 qui
235 1181 324 1215 tres
348 1173 423 1219 „sui
455 1185 687 1226 sponsores
719 1169 947 1209 haberent.
985 1171 1011 1218 δ)
1042 1168 1241 1220 Accedit,
1274 1168 1394 1224 quod
1425 1168 1542 1223 apud
1572 1168 1858 1209 Athenienses
1893 1183 1979 1209 non
2016 1171 2173 1220 minus,
2206 1186 2337 1225 quam
2353 1173 2472 1225 apud

125 1249 357 1297 Romanos,
375 1246 491 1286 οἰνος
524 1244 626 1299 ipsis
657 1244 824 1299 legibus
857 1242 1139 1293 iubebantur,
1171 1256 1259 1282 non
1292 1255 1466 1296 semper
1496 1240 1550 1280 ad
1581 1241 1849 1282 iudiciorum
1879 1244 2189 1283 auctoritatem
2213 1246 2467 1302 confugere,

129 1321 206 1363 sed
238 1320 463 1362 interdum
494 1334 517 1360 a
549 1318 636 1359 suis
668 1318 868 1359 manibus
900 1317 1078 1373 suisque
1109 1316 1277 1357 viribus
1311 1316 1517 1356 auxilium
1546 1322 1714 1372 petere.
1747 1318 1910 1356 Notum
1942 1317 2058 1357 enim
2090 1324 2154 1358 est
2169 1319 2468 1359 Romanorum

125 1397 196 1437 ubi
224 1409 315 1435 rem
343 1408 477 1433 meam
508 1394 686 1442 invenio,
726 1393 785 1431 ibi
827 1392 1028 1430 vindico.-
1078 1394 1105 1441 ⁷)
1136 1391 1253 1445 apud
1284 1391 1570 1430 Athenienses
1603 1405 1709 1430 vero
1742 1405 1829 1429 non
1863 1393 2007 1430 solum
2037 1407 2130 1432 rem
2156 1394 2351 1447 pignoris
2371 1396 2468 1434 iure

123 1476 350 1526 acceptam
379 1469 449 1510 vel
482 1468 679 1508 iudicum
710 1466 937 1506 sententiis
970 1465 1191 1504 addictam
1221 1478 1299 1501 sua
1328 1478 1461 1501 manu
1493 1465 1620 1502 alteri
1652 1467 1825 1519 eripere
1857 1467 1917 1503 fas
1952 1474 2058 1516 erat,
2091 1468 2212 1521 quod
2228 1468 2468 1520 ἐμβατεύειν

122 1544 353 1594 vocabant,
417 1546 446 1594 ⁸)
494 1543 571 1581 sed
619 1542 749 1580 etiam
795 1540 911 1578 cives
958 1554 981 1577 a
1012 1538 1194 1592 privatis
1221 1538 1472 1578 hominibus
1505 1540 1548 1577 in
1581 1539 1802 1592 publicam
1834 1541 2078 1579 custodiam
2109 1542 2204 1580 dari
2253 1544 2467 1596 quodam—

117 1619 247 1661 modo
278 1631 360 1673 per
390 1617 506 1672 leges
539 1615 712 1654 licebat.
746 1615 846 1664 Quo
878 1613 1047 1650 facilius
1080 1625 1185 1651 vero
1218 1611 1418 1652 homines
1447 1613 1688 1668 perniciosi
1721 1619 1939 1667 potestate
1972 1630 1995 1653 a
2027 1616 2193 1670 legibus
2228 1617 2327 1655 data
2351 1619 2463 1657 male

117 1695 376 1743 utebantur,
424 1703 476 1729 eo
523 1690 662 1728 maior
704 1688 931 1743 diligentia
960 1687 1180 1735 virorum,
1228 1687 1386 1740 quibus
1431 1687 1570 1724 vincti
1616 1687 1937 1736 tradebantur,
1983 1689 2118 1727 suerit
2164 1704 2342 1729 necesse
2386 1697 2462 1729 est⁴

117 1764 405 1819 Quantumvis
439 1762 555 1806 enim
587 1775 802 1803 summum
833 1760 1000 1800 bonum
1030 1759 1281 1799 libertatem
1311 1772 1402 1799 esse
1436 1759 1644 1798 dicebant
1661 1773 1760 1797 cum
1779 1773 1927 1799 omnes
1944 1767 2128 1812 veteres,
2147 1769 2241 1801 tum
2264 1764 2461 1817 inprimis

113 1840 448 1883 Athenienses2··
469 1838 503 1877 si
535 1836 684 1877 civitas
717 1836 761 1875 in
794 1834 1029 1875 discrimen
1062 1833 1253 1872 adducta
1293 1838 1400 1883 erat,
1434 1846 1521 1871 non
1554 1834 1832 1885 dubitabant,
1877 1850 2014 1891 quum
2045 1837 2203 1892 singuli
2253 1821 2367 1877 cives
2414 1854 2458 1878 se

117 1913 313 1955 vindices
349 1916 392 1952 et
423 1910 675 1952 defensores
710 1908 906 1948 omnium
938 1919 1029 1948 esse
1069 1906 1389 1960 intelligerent,
1437 1907 1565 1944 unius
1616 1908 1801 1945 vinculis
1850 1910 2098 1947 universam
2140 1913 2459 1965 rempublicam

113 2001 299 2030 servare.
360 1982 674 2034 Nihilominus,
726 1981 801 2038 qui
849 1981 902 2022 de
950 1979 1372 2025 Undecimvjrorum
1417 1991 1601 2019 munere
1649 1979 1846 2019 iudicare
1887 1982 2071 2031 volunt,
2119 1984 2163 2022 id
2211 1986 2453 2040 praecipue

110 2066 304 2111 teneant,
335 2064 506 2100 tantum
537 2057 738 2107 abfuisse,
771 2061 831 2106 ut,
862 2055 941 2110 qui
974 2055 1017 2092 in
1049 2066 1230 2093 carcere
1262 2059 1558 2103 versarentur,
1591 2067 1739 2094 omnes
1772 2055 1971 2094 homines
2005 2058 2158 2095 nefarii
2192 2064 2235 2096 et
2252 2060 2455 2098 scelerati

110 2135 320 2190 capitisve
352 2132 543 2174 damnati
576 2136 732 2180 essent,
764 2136 812 2170 ut
843 2128 980 2168 multo
1011 2127 1190 2183 plurimi
1223 2139 1377 2166 eorum
1409 2131 1484 2165 aut
1514 2126 1710 2167 iudicum
1752 2128 1961 2184 suffragiis
1995 2139 2349 2184 reservarentur,
2397 2134 2451 2174 de

112 2225 303 2265 quorum
334 2207 518 2249 crimine
551 2206 684 2262 igitur
716 2203 913 2244 nondum
944 2202 1055 2242 certi
1087 2201 1255 2257 aliquid
1287 2201 1539 2250 constabat,
1587 2207 1683 2251 aut,
1718 2216 1854 2256 quum
1902 2203 2070 2242 nullum
2117 2206 2284 2244 crimen
2332 2220 2453 2246 com—

102 2284 335 2334 misissent,
368 2282 412 2322 in
445 2294 623 2320 carcere
654 2278 820 2319 tamdiu
848 2278 1164 2325 retinerentur,
1197 2275 1301 2314 dum
1330 2276 1539 2325 facerent,
1572 2290 1685 2328 quae
1716 2277 1863 2316 facere
1897 2278 1998 2316 iussi
2032 2287 2187 2318 essent.
2253 2282 2450 2340 Plurimi,

106 2363 154 2397 ut
173 2356 366 2412 exempla
398 2355 619 2406 addamus,
654 2368 702 2393 ex
734 2367 888 2393 eorum
919 2364 1079 2407 genere
1114 2355 1250 2399 erant,
1286 2349 1361 2403 qui
1393 2349 1639 2387 rationibus
1674 2352 1966 2404 pecuniarum
1999 2355 2175 2406 publice
2210 2371 2232 2392 a
2265 2337 2444 2396 civitfie

103 2436 385 2485 acceptarum
415 2429 613 2481 redditis,
647 2442 733 2467 non
768 2428 809 2466 in
846 2425 1018 2466 vincula
1065 2424 1431 2474 conficiebantur,
1480 2425 1515 2463 si
1561 2426 1674 2464 forte
1708 2426 1938 2481 Euthynae
1982 2429 2216 2481 pecuniam
2250 2430 2445 2471 debitam

104 2504 156 2544 ab
190 2504 272 2545 illis
306 2503 427 2544 nullo
459 2503 590 2544 modo
624 2502 792 2558 exigere
824 2504 1042 2556 poterant,
1076 2497 1197 2554 quod
1230 2496 1487 2552 εἷςπράττειν
1517 2498 1611 2546 τούς
1642 2497 1813 2551 ἔχοντας
1844 2502 2088 2551 dicebatur,
2123 2508 2165 2541 et
2198 2503 2241 2540 in
2263 2517 2445 2544 carcere

102 2746 139 2787 5)
167 2745 443 2791 Icaromenipp.
490 2756 519 2777 c.
566 2744 624 2780 16.
667 2744 710 2777 T.
758 2745 802 2777 11.
848 2756 882 2790 p.
930 2746 1013 2781 771.
1043 2744 1085 2777 Τ.
1115 2743 1200 2778 V11.
1229 2755 1264 2789 p.
1295 2741 1344 2780 24
1371 2755 1425 2789 sq.
1456 2744 1537 2789 Bip.
1591 2744 1695 2779 Adde
1736 2744 1781 2779 dc
1818 2745 1887 2780 hac
1929 2746 2216 2781 Atheniensium
2252 2746 2446 2793 φιλοδικίᾳ

200 2812 388 2859 Aristoph.
427 2812 552 2859 Equit.
586 2813 692 2848 1313.
736 2812 906 2858 Xenopli.
954 2812 1000 2846 dc
1038 2822 1114 2857 rep.
1145 2811 1361 2846 Atheniens.
1397 2813 1434 2852 3,
1463 2815 1496 2848 2.
1527 2813 1640 2846 Mem.
1670 2814 1735 2846 111.
1767 2816 1802 2854 5,
1836 2815 1891 2849 16.
1923 2814 2024 2847 Serv.
2054 2814 2100 2848 ad
2128 2815 2227 2860 virg.
2258 2815 2350 2848 Aen.
2379 2815 2443 2847 Vl.

200 2877 286 2915 848.
329 2880 413 2914 Alia
454 2880 610 2926 collegit
649 2879 829 2924 Taylorus
872 2880 920 2914 ad
961 2880 1092 2915 Aesch.
1122 2881 1162 2914 in
1191 2879 1357 2926 Ctesiph.
1387 2880 1429 2914 T.
1460 2881 1524 2913 111.
1550 2892 1586 2927 p.
1616 2879 1703 2918 402.
1736 2881 1854 2917 Reisk.
1889 2888 1927 2916 et
1966 2884 2005 2916 in
2041 2884 2142 2916 Lect.
2182 2884 2323 2927 Lysiae.
2361 2894 2440 2928 cap.

172 2945 227 2980 *L
258 2959 293 2993 p.
326 2951 412 2985 222.
443 2946 565 2982 Reisk.

95 3033 134 3076 6)
162 3031 267 3066 Βεω.
299 3032 379 3066 adv.
408 3034 570 3068 Timocr.
602 3045 637 3079 p.
670 3032 755 3074 745,
787 3036 844 3070 12.

97 3103 137 3145 7)
165 3101 248 3147 Dig.
277 3100 339 3134 Vl.
371 3103 402 3136 1.
434 3102 480 3135 cf.
508 3101 718 3137 Ballhornii
745 3101 903 3138 librum:
932 3100 1411 3149 Pln‘lologisch—juristische
1438 3101 1600 3140 Studien.
1629 3104 1671 3139 T.
1703 3105 1730 3139 1.
1761 3116 1795 3151 p>
1819 3105 1889 3142 162
1918 3117 1971 3153 sq.

106 3161 138 3213 ')
167 3169 320 3205 uerter.
352 3181 389 3216 p.
418 3170 506 3212 268,
538 3172 594 3206 ιι.
626 3170 877 3206 Hudtwalker.
906 3182 941 3218 p.
975 3172 1057 3208 139.
1087 3182 1123 3203 n.
1153 3172 1212 3204 83.
