2651 3489
71 320 88 327 μ,
125 281 338 338 suffragia.
365 279 679 329 decernebant,
710 284 861 317 utrum
889 277 1160 316 admittenda
1191 282 1306 316 esset
1326 274 1574 334 'Ephegesis
1614 289 1711 336 &nee
1751 291 1825 318 ne.
1906 280 2033 331 Quae
2065 280 2100 318 si
2144 280 2476 333 admittebatur,

135 358 253 399 inter
281 356 397 396 hanc
427 352 588 410 agendi
619 352 838 392 rationem
870 358 915 391 et
945 350 1063 390 illam
1093 350 1204 390 nihil
1235 351 1446 391 interfuit.

247 429 367 470 Haec
397 426 492 472 fere
523 431 619 466 erat
646 424 1066 465 Undecimvirorum
1093 419 1295 476 ἡγεμονία
1325 422 1608 479 δικαστηρίου.
1643 423 1733 476 Qui
1764 425 1800 463 si
1830 424 1874 463 in
1906 426 1999 465 aliis
2032 439 2352 480 nonnunquam
2394 440 2474 466 no—

133 503 361 544 minantur
407 499 633 541 actionum
668 498 935 555 generibus,
981 504 1032 538 ut
1070 498 1117 536 in
1162 494 1332 547 ἐνδείξει
1371 504 1416 539 et
1455 499 1501 538 in
1532 484 1780 555 εἰσαγγελία,
1818 499 2009 553 primum
2040 500 2363 540 observandum
2397 507 2473 550 est,

134 578 375 631 utrumque
403 566 589 615 {terbum
619 587 710 613 non
739 571 907 628 ubique
937 570 1256 628 significatione
1288 573 1557 629 angustiori,
1589 580 1639 613 ut
1673 574 1917 628 'proprium
1945 575 2217 631 significetur
2248 575 2473 615 actionum

132 663 286 707 genus,
317 649 396 691 sed
426 646 924 706 significatione-paullo
956 645 1159 700 ampliori
1190 646 1245 687 de
1291 647 1512 702 quolibet,
1562 648 1683 703 quod
1727 647 1976 698 indicatur,
2023 649 2207 689 crimine
2254 644 2472 702 usurpaffi.

128 721 328 774 Ἐνδεῖξαι
358 723 537 765 enimet
565 719 842 776 εἰσαγγέλλειν
869 719 1122 776 promiscue
1153 719 1377 773 dicuntur,
1410 722 1487 777 qui
1519 722 1574 762 ad
1605 722 1878 778 magistratus
1913 722 2137 777 quidpiam
2168 729 2324 763 contra
2356 724 2472 779 leges

119 799 298 839 (factum
328 811 420 839 esse
452 796 667 846 deferant,
697 808 980 851 poenamque
1010 810 1035 835 a
1066 795 1281 836 scelerato
1321 796 1579 847 sumendam
1623 811 1716 838 esse
1762 801 1968 852 poscant,
2011 796 2130 851 quod
2177 797 2355 852 proprie
2408 804 2473 837 est

131 869 300 927 μηνύειν
331 877 376 913 et
402 868 596 925 μήνυσις.
630 872 678 922 ⁸⁹)
707 868 881 911 Deinde
913 882 1014 909 cum
1043 865 1212 918 ἔνδειξις
1240 874 1288 910 ct
1315 864 1520 922 ,α’παγωγῆ
1552 867 1622 910 vel
1653 869 1783 911 etiam
1813 867 2019 925 ἐφήγησις
2051 870 2166 910 inter
2196 885 2240 911 se
2259 877 2471 928 cognatae

134 958 227 985 esse
257 943 504 994 videantur,
538 957 624 998 qua
654 956 704 982 re
735 943 926 983 Meierus
961 948 1004 983 et
1034 941 1336 982 Schomannus
1370 943 1425 984 de
1456 943 1507 983 iis
1539 957 1627 983 una
1658 943 1875 999 agendum
1907 958 2000 985 esse
2039 951 2331 994 censuerunt,
2379 959 2469 984 non

134 1024 199 1059 est
231 1018 352 1072 quod
382 1017 607 1066 miremur,
638 1021 810 1057 veteres
843 1016 958 1070 ipsos
990 1015 1099 1055 haec
1131 1014 1219 1055 duo
1251 1016 1465 1056 vocabula
1496 1016 1614 1057 inter
1658 1032 1703 1057 se
1749 1023 2035 1073 permutasse.
2128 1017 2259 1068 Quod
2307 1018 2471 1057 factum

134 1103 226 1131 esse
259 1094 441 1145 apparet
472 1095 516 1130 et
547 1104 569 1130 e
600 1088 700 1130 loco
730 1088 1013 1144 Antiphontis
1047 1088 1101 1129 de
1132 1087 1268 1129 caede
1299 1088 1462 1130 Herod.
1480 1105 1521 1145 p.
1544 1091 1637 1141 107,
1657 1092 1710 1138 6;
1742 1097 1835 1131 tum
1867 1090 2149 1130 Grammatici
2181 1090 2427 1130 orationem
2446 1106 2470 1130 a

67 1209 69 1211 ,
133 1163 260 1219 Lysia
291 1170 446 1203 contra
477 1166 715 1219 Agoratum
743 1160 840 1217 περι1
869 1159 1084 1211 ἐνδείξεως
1113 1158 1306 1202 habitam
1340 1176 1431 1203 esse
1461 1164 1655 1216 tradunt,
1689 1179 1800 1220 quae
1833 1164 1987 1204 melius
2021 1163 2074 1202 de
2108 1158 2312 1219 ἀπαγωγῇ
2340 1161 2471 1218 ᾳόνου

133 1238 346 1293 inscripta
389 1237 555 1277 fuisset.
616 1237 661 1276 Si
693 1237 887 1293 denique
920 1237 964 1276 in
997 1243 1187 1292 utraque
1219 1237 1453 1277 accusandi
1498 1239 1640 1278 forma
1686 1252 1784 1278 reos
1833 1237 1877 1277 in
1910 1236 2087 1277 vincula
2119 1237 2343 1276 coniectos
2378 1251 2471 1278 esse

133 1311 291 1352 scimus
341 1325 505 1366 eosque
537 1310 670 1365 igitur
700 1310 744 1349 in
777 1310 1198 1351 Undecimvirorum
1226 1317 1443 1365 potestate
1476 1312 1616 1352 fuisse
1655 1318 1777 1352 recte
1812 1311 2024 1364 dicimus,
2076 1327 2164 1353 non
2215 1318 2305 1361 est,
2354 1310 2472 1364 quod

133 1384 188 1425 de
219 1399 403 1426 munere
435 1398 590 1425 eorum
620 1384 885 1435 dubitemus,
916 1398 1044 1436 reos,
1090 1399 1145 1425 ne
1173 1383 1341 1424 indicta
1369 1398 1498 1425 causa
1527 1383 1642 1433 iusto
1675 1384 1839 1426 diutius
1870 1386 1913 1425 in
1947 1400 2127 1428 carcere
2159 1385 2474 1433 retinerentur,

133 1458 329 1514 legitimo
361 1464 575 1513 tempore,
606 1457 648 1498 h.
683 1472 719 1498 e.
752 1458 867 1498 intra
899 1457 1077 1513 triginta
1108 1457 1280 1498 dierum
1312 1457 1512 1512 spatium,
1543 1472 1693 1499 coram
1722 1459 1772 1499 iis
1804 1460 2139 1514 magistratibus,
2172 1459 2246 1513 qui
2266 1457 2470 1498 conside-

131 1536 225 1571 rata
257 1531 450 1571 criminis
483 1536 639 1570 natura
670 1528 914 1583 εἰσαγωγεῖς
944 1535 1092 1581 erant,
1138 1531 1181 1569 in
1216 1529 1381 1569 iudicio
1413 1530 1578 1571 sistere.
1637 1532 1705 1572 Ad
1747 1531 1871 1573 hanc'
1909 1529 2127 1588 ἀνάκρισιν
2172 1545 2221 1572 ea
2263 1530 2467 1579 redeunt,

133 1619 246 1659 quae
277 1604 455 1645 Ulricus
488 1618 537 1645 ex
567 1604 792 1645 Demosth.
825 1619 861 1645 c.
895 1604 1086 1671 Timocr.
1117 1618 1160 1659 p.
1194 1605 1289 1648 270.
1326 1606 1390 1647 17.
1427 1605 1501 1657 (cf.
1535 1607 1632 1657 733,
1667 1604 1753 1660 12.)
1784 1606 1974 1661 collegit.
2008 1609 2056 1656 ⁴⁰)

246 1695 334 1734 Iam
365 1682 419 1734 ad
448 1694 582 1743 haec,
629 1710 742 1747 quae
779 1694 1012 1748 hucusque
1043 1702 1081 1735 ‘a
1111 1696 1236 1747 nobis
1270 1696 1489 1748 disputata
1519 1702 1643 1744 sunt,
1677 1696 1870 1748 quamvis
1903 1696 1996 1734 fere
2029 1695 2174 1733 omnia
2205 1696 2255 1732 iis
2290 1709 2471 1733 enume—

132 1773 227 1808 rata
258 1782 350 1808 esse
383 1766 602 1817 videntur,
636 1767 712 1821 qui
744 1766 788 1806 in
821 1768 892 1808 illa
925 1770 1187 1810 auctoritate
1218 1768 1542 1810 subsistendum
1574 1784 1664 1809 esse
1695 1774 1873 1822 putent,
1907 1784 2019 1822 quae
2061 1768 2386 1808 Undecimviris
2421 1773 2471 1805 ut

132 1841 383 1880 vinctorum
414 1831 723 1895 supplicioque
756 1841 1087 1882 efficiendorum
1117 1843 1346 1883 hominum
1376 1843 1631 1882 custodibus
1653 1843 1706 1881 ab
1727 1843 2065 1882 Atheniensibus
2090 1843 2299 1880 attributa
2319 1841 2467 1889 fuerit,

129 1921 276 1954 tamen
310 1914 556 1955 adiicienda
587 1922 700 1965 sunt,
719 1931 832 1969 quae
862 1916 928 1955 his
960 1917 1278 1971 magistratibus
1312 1918 1366 1957 de
1399 1918 1523 1956 honis
1557 1918 1863 1956 damnatorum
1894 1924 1938 1956 et
1968 1918 2180 1955 fiscalium
2212 1917 2466 1955 debitorum

135 1985 233 2027 data
281 1986 417 2027 fuerit
461 1986 523 2028 vis
573 1993 705 2042 atque
753 1987 1003 2028 auctoritas.
1079 1988 1166 2029 Sed
1214 2005 1350 2043 quum
1395 1987 1449 2029 de
1496 1989 1579 2029 hac
1626 2005 1675 2029 re
1722 1988 1915 2029 Meierus
1962 1990 2195 2042 separatim
2229 1996 2271 2028 et
2301 1988 2481 2029 doctis-t

133 2059 239 2100 sime
259 2060 438 2114 quidem
470 2060 620 2115 egerit,
639 2060 712 2101 hic
744 2060 875 2101 modo
909 2061 1159 2116 gravissima
1190 2062 1334 2117 capita
1366 2061 1577 2102 adiecisse
1610 2061 1710 2101 satis
1742 2061 1964 2101 habemus.
2010 2062 2315 2101 Conficiebant
2348 2061 2467 2101 enim

133 2133 325 2173 indicem
340 2134 561 2173 bonorum
577 2135 905 2187 publicatorum
939 2151 1269 2188 nonnumquam
1300 2136 1556 2186 Demarchi,
1588 2136 1825 2190 aliquando
1860 2137 1989 2174 etiam
2019 2137 2336 2175 Undecimviri.
2379 2137 2467 2175 Sed

136 2221 224 2246 non
255 2207 480 2255 habemus,
513 2221 644 2261 quem
676 2208 718 2258 in
751 2223 799 2246 re
832 2208 1069 2247 difficiliori
1101 2223 1337 2262 sequamur
1368 2215 1546 2262 praeter
1575 2208 1718 2264 Etym.
1751 2211 1808 2248 M.
1840 2211 1937 2259 338,
1970 2211 2037 2252 35.
2085 2209 2251 2263 εἰσῆγον
2301 2209 2346 2249 δὲ
2393 2208 2467 2250 καὶ
2530 2204 2539 2210 ’-

134 2285 187 2321 τὰ
216 2282 537 2340 ἆπογραφόμενα
561 2281 718 2336 χωρία,
750 2280 903 2331 οἰκίας,
936 2281 1010 2322 καί
1037 2283 1089 2322 τά
1120 2282 1304 2335 δημόσια
1337 2277 1441 2323 εἶναι
1473 2280 1650 2331 δόξαντα
1694 2281 1946 2337 παρεδίδουν
1976 2289 2063 2331 τοῖς
2093 2286 2323 2336 πωληταῖς,
2358 2297 2471 2336 quae

133 2359 268 2398 verba
298 2364 346 2398 ut
375 2364 498 2402 recte
531 2358 715 2412 intelligi
746 2357 927 2411 possint,
958 2357 1064 2397 fecit
1093 2362 1220 2397 acuta
1252 2356 1431 2397 Sluiteri
1465 2355 1726 2406 emendatio,
1762 2356 1838 2411 qui
1869 2370 1950 2410 pro
1980 2357 2236 2411 pervulgato
2270 2355 2466 2403 πολίταις

133 2433 237 2489 legit
267 2434 494 2486 πωληταῖς.
532 2432 584 2488 ⁴¹)
617 2432 763 2471 Verba
794 2438 886 2470 tum
918 2447 941 2469 a
972 2432 1138 2471 Meiero
1173 2445 1220 2470 ex
1251 2430 1508 2470 coniectura
1540 2430 1597 2469 ita
1630 2436 1731 2469 sunt
1761 2429 1985 2481 restituta:
2020 2429 2182 2485 εἰσῆγον
2214 2427 2258 2469 δὲ
2290 2427 2365 2469 καί
2393 2429 2469 2478 τοῖς

132 2504 379 2563 ἀπογραφὰς
409 2507 493 2547 τῶν
524 2504 883 2562 ἄπογραφομὲνων
906 2504 1093 2560 χωρίων,
1127 2504 1277 2545 οἰκιῶν.
1312 2507 1359 2555 ⁴²)
1408 2505 1538 2544 Extra
1570 2504 1797 2556 ordinem,
1849 2504 2079 2559 republica
2119 2505 2320 2544 civilibus
2353 2510 2466 2545 tem-

129 2583 370 2636 pestatibus
389 2581 679 2631 turbata,hoc
712 2594 867 2619 munus
900 2579 1184 2620 obferebatur
1215 2581 1474 2632 συλλογεῖσιν
1505 2585 1548 2618 et
1580 2578 1792 2633 ζητηταῖς,
1826 2592 1912 2618 non
1931 2578 2157 2633 perpetuis
2177 2578 2226 2616 iis
2245 2578 2471 2633 magistra-

129 2821 192 2865 39)
221 2822 353 2854 Meier.
383 2827 422 2854 et
448 2821 677 2854 Schamann:
700 2831 737 2866 p.
781 2822 867 2856 239.
897 2821 983 2856 261.
1014 2820 1100 2852 Non
1129 2820 1241 2851 aliter
1277 2818 1378 2864 apud
1403 2819 1555 2852 Latinos
1583 2818 1775 2851 vindicare
1822 2817 1908 2849 Vid.
1939 2818 2080 2862 Digest.
2112 2817 2231 2849 XXIX.
2264 2819 2297 2852 5.
2329 2816 2372 2849 fr.
2403 2818 2463 2852 26.

232 2889 456 2934 Quaesitum
482 2879 542 2922 'est
569 2900 684 2935 quum
710 2898 843 2922 necem
871 2887 952 2921 Caii
980 2887 1060 2921 Seii
1087 2886 1244 2920 heredes
1275 2887 1356 2920 eius
1384 2896 1462 2920 non
1489 2886 1731 2927 vindicarint,
1749 2896 1795 2917 an
1813 2884 1936 2917 Titius
1965 2882 2211 2916 nihilominus
2230 2892 2293 2915 eos
2306 2880 2465 2915 heredes

231 2961 275 2988 ut
314 2956 489 3003 indignos
526 2967 701 2990 accusare
741 2956 861 3002 possit
899 2955 946 2988 ob
987 2955 1040 2997 id,
1077 2954 1180 3002 quod
1214 2965 1347 2990 necem
1382 2955 1462 2988 eius
1489 2964 1566 2989 non
1594 2952 1881 2992 vindicaverint.
1951 2950 2022 2984 Cfr.
2052 2951 2278 2985 Bannuoaun
2306 2941 2469 2984 librum?

234 3021 711 3071 Philologssch-juristische
737 3022 897 3056 Studien.
928 3024 954 3055 1.
984 3034 1020 3068 p.
1053 3025 1136 3060 193.
1166 3034 1219 3069 sq.

57 3133 60 3135 Α
130 3089 194 3134 40)
221 3091 367 3123 Ulricns
396 3103 431 3136 p.
461 3092 547 3128 250.
578 3091 708 3124 Meier.
738 3097 776 3124 et
803 3089 1027 3123 Schomann.
1055 3101 1091 3137 p.
1123 3088 1181 3125 74.

130 3158 195 3204 41)
223 3160 324 3192 Lect.
353 3158 535 3192 Andocid.
564 3170 600 3204 p.
631 3160 714 3195 258.

130 3224 195 3269 42)
223 3227 354 3261 Meier.
385 3227 409 3261 1.
438 3226 462 3259 l.
492 3227 579 3267 209,
612 3227 693 3262 166.
