2651 3489
1258 96 1344 152 ¹11
1381 152 1392 164 ,

131 253 378 311 Euthyuae,
401 252 564 294 ¹decem
596 248 840 306 στρατηγοὶ,
870 250 958 300 alii,
991 240 1067 305 q'ui
1100 251 1292 305 aliquam
1320 265 1469 292 rerum
1499 249 1832 290 Atheniensium
1863 249 2161 303 cognitionem
2193 249 2276 290 sibi
2307 250 2471 291 habere

127 329 410 377 videbantur5
438 327 592 366 decem
622 340 803 380 quoque
835 325 1013 364 ultimae
1046 325 1314 374 necessitatis
1346 325 1619 380 magistratus
1654 337 1745 362 esse
1777 323 2030 362 voluerunt.
2078 323 2166 373 Qui
2190 338 2296 363 vero
2327 337 2467 377 prop-

124 399 399 456 terea‘quod
430 400 586 439 decem
614 400 754 439 tribus
793 398 1127 450 Atheniensium
1169 387 1334 448 erant,'
1369 413 1507 438 unum
1551 397 1695 436 virum
1741 410 1764 436 e
1812 410 1996 435 numero
2042 382 2463 436 Undecimviromin

121 475 279 517 tollere
311 478 544 522 conantur,
575 478 625 512 ut
653 478 722 512 tot
750 471 839 512 sint
867 472 963 523 viri,
996 478 1105 527 quot
1133 471 1288 521 tribus,
1307 471 1349 519 *ii
1381 471 1500 511 omni
1531 476 1730 525 tempore
1761 470 2045 510 Decemviros
2066 470 2110 509 in
2128 469 2461 510 Atheniensium

117 547 437 603 rempublicam
466 533 755 587 introducant
784 552 828 587 et
858 549 982 602 quasi
1014 547 1241 586 inculcent
1271 529 1448 586 necesse
1480 550 1557 587 est,
1587 550 1723 583 totam
1751 544 1991 594 historiam,
2013 558 2125 599 quae
2145 543 2298 584 decem
2316 543 2456 583 tribus

116 638 142 663 a
172 621 398 662 Clisthene
427 621 644 662 institutas
675 620 921 675 praecedit,
955 635 1043 661 non
1074 620 1360 661 mediocriter
1389 618 1707 674 perturbaturi.
1770 616 1962 672 Oportet
1994 618 2111 657 enim
2140 618 2251 667 illos,
2270 617 2443 671 opinor,

117 695 436 746 demonstrare,
467 685 556 746 eos,
588 694 666 749 qui
695 694 947 735 Decemviri
976 700 1079 750 post
1108 693 1589 741 Clisthenem-fuerint,
1621 697 1723 733 ante
1753 691 1872 731 hunc
1891 692 2163 745 reipublicae
2189 691 2455 731 instaurato-

114 781 211 808 rem
239 768 373 808 fuisse
406 768 746 819 Quatuorviros.
1196 773 1198 775 ’

172 838 175 841 ’
227 841 414 881 Accedit
442 841 598 881 ultimo
630 841 730 881 loco
760 841 834 880 illa
863 840 1200 881 Atheniensium
1230 840 1530 891 consuetudo,
1578 855 1602 881 e
1641 855 1728 896 qua
1758 840 1803 879 in
1835 839 2014 896 singulis
2047 839 2220 880 iudiciis
2254 839 2452 880 iudicum

113 927 347 954 numerum
390 927 618 969 nun-quam
658 928 811 968 parem
856 928 951 955 esse
995 914 1218 955 volebant.
1279 914 1410 954 Cuius
1456 916 1523 956 rei
1569 928 1701 955 eausa
1732 929 1867 969 quum
1898 913 2008 953 haec
2054 914 2186 954 fuisse
2234 913 2450 963 videatur,

112 1001 168 1029 ne
196 987 379 1043 *quando
407 987 533 1042 paria
562 987 762 1042 suffragia
803 987 1141 1029 dubitationem
1165 988 1500 1042 relinquerent,
1546 987 1654 1042 quid
1686 987 1854 1027 iudices
1887 986 2139 1037 iussissent,
2190 987 2299 1040 quid
2346 1001 2449 1035 non,

110 1062 214 1102 inde
245 1061 384 1101 multo
414 1061 463 1101 fit
489 1061 778 1115 probabiliu5‚
810 1061 906 1101 illos
940 1062 984 1101 in
1014 1061 1363 1113 Undecimviris‚
1411 1062 1575 1116 quippe
1608 1062 1766 1116 quibus
1799 1061 2049 1101 libertatem
2081 1061 2268 1110 civium,
2317 1061 2448 1100 vitam

108 1148 295 1190 remque
323 1134 581 1174 familiarem
612 1136 963 1186 commississent,
996 1135 1134 1175 simile
1168 1135 1377 1190 quiddam
1405 1135 1607 1175 voluisse.
1654 1135 1781 1174 lussit
1811 1134 1980 1174 scilicet
2012 1136 2157 1174 Draco
2191 1148 2283 1174 esse
2317 1134 2449 1189 quin-

96 1209 317 1263 quaginta
346 1207 539 1262 Ephetas
572 1213 616 1248 et
644 1209 883 1267 unum3Et
913 1209 957 1248 in
989 1209 1192 1248 omnibus
1222 1208 1398 1248 iudiciis
1429 1214 1623 1262 apparet,
1655 1207 1897 1247 rotundum
1929 1207 2052 1247 illum
2077 1207 2274 1249 iudicum
2291 1222 2446 1249 nume·-

105 1295 218 1332 rum,
248 1295 381 1336 quem
410 1279 635 1322 brevitatis
668 1272 813 1323 studio
845 1282 1093 1323 institutum
1122 1281 1255 1324 fuisse
1285 1280 1415 1336 vulgo
1448 1281 1617 1332 dicunt,
1649 1295 1738 1321 uno
1771 1279 1920 1322 iudice
1950 1280 2082 1322 fuisse
2114 1281 2337 1321 maiorem.
2368 1281 2414 1331 ³⁴)

216 1362 525 1404 Undecimviri
557 1363 772 1403 iudicium
802 1363 1065 1404 exercebant
1095 1362 1139 1402 in
1170 1363 1436 1417 Parabysto,
1484 1363 1560 1417 qui
1607 1363 1731 1403 locus
1768 1363 1901 1403 viridi
1946 1363 2131 1402 fortasse
2164 1362 2316 1402 colore
2349 1368 2444 1402 erat

101 1422 348 1489 distinctus.
366 1436 506 1487 (Paus.
521 1437 552 1476 Ι.
569 1437 638 1486 28,
654 1437 697 1478 8.
714 1435 975 1491 βατραχιοῦν
994 1434 1044 1490 ⁸⁵)
1061 1436 1176 1476 Tum
1192 1435 1452 1491 Harpocrat.
1470 1433 1763 1491 παράβυστον·
1782 1431 1916 1483 οὕτως
1945 1433 2138 1476 ἐκαλεῖτό
2168 1450 2209 1476 τι
2236 1433 2325 1476 τῶν
2340 1435 2442 1490 παρ’

97 1502 346 1560 Ἀθηναιὸις
377 1496 754 1564 δικαστηράον,’ἐν
783 1501 816 1565 ᾦ
845 1505 1039 1558 ἐδύιαζον
1076 1506 1117 1549 οῖ
1155 1506 1312 1548 ἕνδεκα.
1353 1507 1518 1547 Pollux.
1564 1509 1676 1550 Vm.
1724 1512 1817 1552 121.
1858 1505 2047 1564 γνώριμα
2093 1507 2375 1563 δικαστήρια.
2395 1538 2405 1548 .
2428 1538 2436 1547 .

99 1580 265 1633 Μέσον,
297 1579 608 1637 Παράβυστον,
654 1580 837 1631 Μεῖζον.
880 1578 1176 1636 Παραβὺστου
1213 1581 1260 1624 δὲ
1297 1581 1373 1626 καὶ
1403 1582 1615 1634 Μείζονος
1642 1580 1852 1636 μέμνηται
1883 1584 2069 1631 Λυσίας.
2103 1581 2147 1624 ἐν
2174 1580 2253 1634 μέν
2282 1596 2353 1623 τοι
2382 1582 2445 1639 τῷ

98 1653 376 1713 Παραβὺστῳ
394 1653 436 1697 οἱ
465 1653 611 1697 ἕνδεκα
641 1653 851 1706 ἐδίκαζον,
883 1661 960 1696 aut
989 1661 1039 1696 ut
1069 1655 1320 1697 Voemelius
1352 1658 1380 1697 1.
1411 1657 1438 1697 l.
1470 1672 1516 1712 p.
1546 1658 1587 1700 6.
1620 1657 1791 1698 observ.
1823 1657 1861 1700 6.
1881 1657 2028 1713 legere
2047 1657 2234 1697 mavult:
2268 1655 2437 1708 Μέσον,

97 1728 385 1785 Παράβυστον
415 1727 725 1785 (Παραβῦστου
756 1729 802 1770 δὲ
833 1727 908 1770 καὶ
934 1726 1124 1781 μείζονος
1151 1728 1361 1784 μέμνηται
1390 1729 1465 1771 καὶ
1495 1729 1700 1785 Λυσίας)-
1732 1730 1777 1771 ἐν
1804 1729 1881 1782 μὲν
1910 1733 1997 1771 κτλ.
2028 1732 2083 1770 At
2114 1746 2251 1771 unum
2270 1737 2442 1771 tantum

97 1798 366 1859 Parabys'ton
419 1809 512 1844 erat
559 1803 628 1854 (cf.
677 1802 853 1860 Taylor.
900 1802 955 1844 ad
1000 1804 1123 1844 Dem.
1172 1803 1216 1844 in
1262 1795 1454 1845 Timocr.
1500 1819 1542 1859 p.
1587 1805 1692 1855 720,
1743 1803 1825 1853 15.)
1865 1810 1908 1845 et
1938 1805 2069 1845 situm
2099 1805 2144 1843 in
2178 1804 2438 1845 abscondito

96 1876 217 1917 urbis
236 1877 349 1917 loco.
384 1876 498 1916 Hinc
528 1876 683 1916 Suidas
714 1891 752 1916 v.
774 1870 1289 1932 Ἄρειος-παραβύστῳ·
1322 1874 1418 1918 α’ντί
1445 1877 1581 1925 τοῦὲν
1610 1874 1854 1933 ἀποκρύφῳ.
1903 1879 1975 1919 Sic
2005 1893 2183 1934 quoque
2215 1879 2361 1918 schol.
2380 1878 2435 1918 ad

96 1950 492 2004 LuciamNecyom.
508 1951 572 1992 17.
586 1951 720 1989 verba
739 1949 782 1990 ἕν
804 1948 1063 2004 παραβύστῳ
1078 1964 1161 1989 που
1176 1950 1384 2003 explicat:
1400 1949 1444 1990 ἐν
1458 1949 1854 2007 παρακεκρυμμένῳ,
1869 1953 2072 2007 σκοτεινῷ,
2084 1952 2238 2008 μικρῷ,
2256 1950 2435 2007 ἆφεγγειζ

93 2019 523 2079 παρακεκαλυμμένῳ,
554 2020 696 2078 λάθρα
723 2021 938 2079 γενομένῳ.
974 2026 1023 2073 ⁸⁸)
1053 2022 1141 2062 Sed
1163 2028 1343 2077 praeter
1371 2028 1544 2063 ceteros
1563 2023 1806 2063 audiendus
1825 2032 1888 2067 est
1903 2024 2135 2064 Pausanias
2154 2026 2181 2064 l.
2201 2027 2269 2076 28,
2288 2028 2328 2068 8.
2347 2023 2439 2066 ἔστι

95 2096 140 2138 δε
153 2094 400 2150 Ἀθηναώις
429 2094 504 2137 καί
535 2090 644 2136 ἄλλα
674 2094 922 2151 δικαστήρια
954 2092 1028 2136 οὔκ
1056 2094 1101 2144 ἐς
1128 2094 1304 2137 τοσοῦτο
1335 2093 1457 2149 δόξης
1488 2091 1655 2149 ἥκοντα.
1687 2097 1770 2137 τῶν
1797 2095 1874 2149 μὲν
1897 2090 1971 2138 οὖν
1994 2095 2264 2150 καλουμένων
2280 2098 2437 2156 Παράμ-

92 2171 250 2223 βυστον
278 2167 354 2211 καὶ
386 2167 616 2224 Τρίγωνον,
645 2168 693 2209 τὸ
718 2166 796 2220 μὲν
825 2167 870 2208 ἐν
900 2165 1060 2223 ἀφανεῖ
1079 2165 1247 2217 πόλεως’
1275 2163 1322 2209 ὃν
1351 2166 1427 2209 καί
1456 2167 1520 2209 ἐπ’
1550 2167 1791 2222 ἐλαχιστοις
1823 2169 2046 2212 συνιόντων
2091 2172 2134 2221 ἐς
2182 2169 2297 2214 αὖτό.
2371 2174 2435 2214 Ex

91 2242 175 2284 hac
205 2242 293 2284 loci
324 2235 859 2298 opportunitaterectius
885 2254 1047 2282 nomen
1078 2241 1368 2282 derivandum
1400 2256 1492 2284 esse
1538 2243 1757 2293 videtum*
1785 2259 1915 2300 quam
1957 2246 2078 2301 quod
2124 2245 2431 2286 Undecimviri

91 2316 137 2355 in
169 2316 244 2356 illo
276 2316 442 2355 iudicio
474 2316 586 2355 clam
616 2315 876 2356 iudicavisse
908 2316 1149 2378 dicuntur&
1179 2317 1299 2372 quod
1336 2317 1475 2372 Etym.
1515 2317 1573 2355 Μ.
1620 2317 1801 2356 suadet:
1844 2312 1897 2371 ἦν
1942 2318 1988 2358 δὲ
2025 2318 2101 2360 καί
2144 2319 2431 2375 Παράβυστον

92 2386 378 2443 δικαστήριον,
408 2384 434 2429 δ’
462 2386 604 2443 λάθρα
634 2386 786 2443 ἔκρινε.
815 2389 911 2428 Hoc
944 2390 1061 2429 enim
1090 2403 1192 2429 cum
1222 2390 1278 2429 ab
1316 2392 1436 2429 omni
1480 2403 1603 2430 more
1635 2396 1679 2431 et
1728 2393 2054 2442 consuetudine
2094 2394 2430 2435 Atheniensium

90 2475 222 2517 quam
252 2461 433 2502 maxime
464 2461 695 2512 abhorret,
727 2467 820 2501 tum
851 2462 898 2501 in
929 2461 1028 2501 loco
1060 2462 1370 2502 Demosthenis
1405 2476 1442 2502 c.
1474 2464 1667 2503 Timocr.
1699 2476 1741 2517 p.
1774 2466 1872 2513 715,
1905 2466 1972 2508 20.
2005 2464 2049 2505 ἐν
2077 2465 2339 2523 παραβύστῳ
2369 2490 2427 2497 -

72 2533 233 2591 ’λάθρα
262 2534 335 2577 τόν
372 2533 498 2588 νόμον
527 2525 748 2590 εἰσήνεγκε,
780 2544 1046 2591 quamquam
1075 2535 1293 2590 Ulpianus
1325 2535 1380 2576 ad
1408 2535 1452 2575 h.
1483 2536 1511 2575 l.
1555 2542 1599 2576 et
1643 2537 1902 2592 Harpocrat-
1949 2539 2331 2594 iaterpretantur‚
2378 2547 2429 2581 ut

88 2607 221 2661 idem,
240 2622 346 2662 esse,
367 2608 488 2666 quod
505 2607 661 2666 λάθρα,
693 2594 843 2650 ieiuna
858 2608 969 2650 haec
1001 2615 1046 2651 et
1074 2623 1256 2666 prorsus
1289 2610 1432 2650 inanis
1461 2609 1669 2666 repetitio
1701 2611 1770 2652 vix
1798 2612 2110 2652 Demosthenis
2141 2628 2234 2654 esse
2265 2603 2424 2670 potest.

85 2847 155 2894 34)
180 2850 335 2906 Hell‘ter.
362 2863 399 2899 p.
428 2850 492 2894 47,
521 2854 568 2890 55
596 2863 649 2900 sq-
681 2852 812 2888 Meier.
842 2858 882 2889 et
907 2852 1056 2890 Schfim.
1083 2867 1120 2903 p.
1152 2853 1237 2900 140,
1265 2849 1489 2892 sehfimium.
1520 2855 1567 2891 de
1594 2857 1715 2891 soi-tit.
1746 2854 1861 2890 indic.
1890 2866 1927 2902 p.
1946 2858 2006 2893 25.

84 2919 154 2961 35>
176 2918 329 2955 Heffter.
358 2931 395 2967 p.
425 2922 487 2962 53,
516 2922 550 2957 5.
580 2920 652 2955 eui
680 2920 812 2955 Meier.
842 2926 882 2956 et
897 2921 1057 2958 ‘Sch6m.
1085 2923 1109 2957 1.
1138 2923 1163 2957 l.
1191 2935 1228 2970 p.
1261 2922 1345 2961 146.
1373 2923 1466 2958 haec
1495 2923 1570 2958 duo
1596 2924 1710 2958 fuisse
1730 2924 1874 2958 iudicia
1890 2925 1990 2968 inter
2004 2936 2042 2958 se
2061 2924 2208 2959 diversa
2224 2924 2418 2961 affirmant.

81 2986 150 3029 36)
174 2985 477 3032 Hemsterbuuius
505 2987 553 3021 ad
580 2987 615 3021 h.
643 2988 668 3021 l.
698 2988 742 3023 Τ.
771 2989 834 3023 111.
862 3001 900 3036 p.
927 2988 1014 3028 409.
1043 2990 1247 3032 Lehmann.
1275 2993 1546 3041 interpretatur
1570 2991 1774 3043 παραβὺειν
1796 2994 1834 3025 in
1852 2993 2028 3038 angulum
2042 2993 2211 3040 aliquem
2227 2995 2418 3038 infulcire,

178 3059 228 3097 ,nt
254 3065 275 3087 a
302 3060 510 3100 conspectu
539 3061 580 3090 ct
605 3055 726 3088 oculis
753 3056 957 3095 removeas.
984 3057 1144 3091 Accedit
1169 3058 1274 3104 quod
1301 3059 1402 3103 apud
1437 3059 1642 3092 Lucianum
1667 3059 1836 3108 eiusdem
1859 3060 1963 3093 verbi
1981 3067 2096 3106 atque
2125 3062 2419 3105 compositorum

184 3122 279 3157 baec
307 3127 365 3155 eat
389 3128 579 3168 potestas,
607 3128 651 3158 ut
677 3122 725 3157 de
761 3122 872 3157 rebus
902 3123 1069 3158 dicatur
1087 3130 1201 3171 atque
1236 3125 1381 3168 veihis,
1423 3138 1519 3172 quae
1546 3132 1696 3172 praeter
1723 3126 1877 3160 modum
1905 3134 1945 3162 et
1972 3134 2074 3162 extra
2102 3127 2419 3162 consuetudinem

183 3191 438 3233 inculcantur,
464 3195 578 3237 atque
605 3191 721 3226 risum
748 3202 793 3226 ea
819 3189 867 3226 de
895 3203 1008 3227 causa
1034 3191 1212 3229 efficiunt.
1240 3194 1329 3230 vid.
1357 3195 1492 3229 piscat,
1521 3197 1581 3232 12.
1608 3195 1669 3229 Dc
1694 3195 1808 3230 Mei-c.
1839 3195 2024 3230 Conduct.
2054 3198 2113 3233 32.
2144 3196 2192 3230 al.
