2651 3489
1291 96 1333 157 4

127 252 512 303 custodiebantur,
555 252 699 293 donec
731 252 969 302 solverent,
1017 252 1102 292 nisi
1146 254 1264 295 fraus
1312 255 1529 310 quaedam
1574 254 1758 297 dolusve
1772 251 1913 299 >malus
1959 256 2131 314 (κλοπῇ)
2178 260 2428 303 accederet.
2449 264 2481 313 θ)

124 328 234 366 Nam
264 341 367 366 cum
396 326 480 366 hac
512 326 568 367 de
601 339 732 366 causa
763 325 1008 366 Miltiadem
1039 341 1221 381 quoque
1261 327 1308 369 in
1338 327 1525 368 vinculis
1556 334 1782 370 mortuum
1813 343 1906 370 esse
1948 330 2133 373 sciamus
2170 331 2224 388 ¹⁰)
2260 338 2356 374 tum
2395 333 2482 381 hoc

124 397 255 439 facile
288 412 339 439 ex
370 398 473 454 ipsis
506 399 651 455 legum
680 392 827 439 verbis
859 397 1122 454 colligimus,
1152 397 1347 441 δεδέσθω
1375 398 1498 463 τέως,
1529 399 1613 451 ἕως
1643 395 1696 443 ἄν
1723 399 1882 458 ἕκτώῃ,
1916 415 2030 458 quae
2052 403 2224 460 saepius
2255 403 2479 462 leguntur.

124 472 226 512 Vid.
259 473 384 514 Dem.
417 487 454 512 e.
487 472 593 513 Mid.
625 474 724 523 529,
757 473 824 516 26.
855 473 906 512 Β.
937 471 1014 514 ἐὰν
1044 471 1091 514 δὲ
1121 470 1327 529 ἀργυρίου
1354 471 1519 531 τίμηθῇ
1555 474 1633 529 τῆς
1673 471 1863 531 ὕβρεως,
1910 473 2126 528 δεδέσθω,
2155 476 2229 520 ἐάν
2254 475 2485 535 ἐλεύθερον

123 542 281 604 ὖβράτῃ
311 544 461 601 μέχρις
492 541 544 585 ἂν
572 544 733 604 ἐκτάτῃ.
765 546 820 585 cf.
853 546 1056 586 Lambini
1087 547 1255 588 observ.
1291 547 1336 585 in
1369 548 1473 587 edit.
1506 548 1666 588 Buttm.
1698 552 1735 598 §.
1770 549 1835 592 14.
1888 548 2057 589 Eadem
2086 551 2191 591 fere
2212 551 2348 593 verba
2379 557 2483 592 sunt

126 620 169 658 in
216 619 313 675 lege
360 620 478 674 apud
524 620 682 659 Aesch.
730 633 767 659 c.
809 620 922 659 Tim.
968 635 1011 674 p.
1051 621 1102 671 3,
1150 618 1216 662 14.
1261 620 1372 659 Plat-
1412 621 1538 674 Apol.
1580 619 1706 660 socr.
1750 605 1794 677 p.
1825 624 1895 667 37.
1928 624 1975 662 C.
2009 621 2121 663 ἀλλὰ
2143 623 2381 679 χρημάτων
2406 623 2484 668 καὶ

123 690 331 740 δεδέσθαι
360 690 444 741 ἓως
473 689 525 733 ἂν
553 691 727 734 ἐκτίσω.
785 693 911 733 Licet
956 693 1074 734 enim
1113 692 1293 734 minime
1342 694 1576 750 negamus,
1607 708 1931 751 nonnunquam
1965 697 2249 738 vinculorum
2291 711 2483 753 poenam

123 768 210 808 reis
245 768 482 823 irrogatam
513 782 634 818 esse,
682 783 820 824 quum
860 768 1063 808 Socrates
1096 768 1189 822 ipse
1219 768 1338 821 apud
1366 768 1596 808 Platonem
1623 768 1787 820 timeat,
1819 785 1876 810 ue
1908 771 1953 810 in
1985 771 2162 811 vincula
2192 771 2480 812 coniiciatur:

128 842 268 896 (Apol.
315 842 442 882 Socr.
474 856 516 896 p.
548 843 618 892 37,
651 843 697 882 Β.
742 839 919 896 πότερον
950 840 1134 894 δεσμοῦς
1166 840 1242 882 καὶ
1270 839 1321 882 τί
1340 857 1392 893 με
1424 842 1495 882 δεῖ
1519 841 1591 898 ζῇν
1618 841 1663 884 ἐν
1692 842 2009 900 δεσμωτηρύιινς)
2041 851 2187 886 tamen
2219 859 2392 896 vereor,
2424 860 2481 888 ne

122 916 304 955 Ulricus
343 919 391 967 ²¹)
425 915 561 955 nimio
594 917 693 971 plus
725 916 901 963 viderit,
934 917 1010 970 qui
1045 915 1265 954 iudicibus
1299 916 1483 955 liberam
1528 916 1716 956 vinculis
1761 917 1979 971 puniendi
2018 925 2285 972 potestatem
2310 919 2480 959 tribuit.

122 990 229 1029 Nam
260 990 415 1047 Lysiae
445 991 581 1030 verba
612 1003 649 1029 c.
681 990 848 1029 Andoc-
883 992 980 1031 221.
1014 985 1079 1029 ὅτι
1103 988 1189 1045 χρῆ
1220 992 1377 1029 παθεῖν
1407 996 1457 1028 ut
1485 990 1541 1030 de
1569 991 1759 1030 vinculis
1801 988 2129 1047 intelligantur,
2178 1006 2266 1031 non
2299 982 2480 1033 necesse

124 1067 201 1102 e‘st.
251 1064 308 1103 Et
339 1064 374 1103 si
406 1064 728 1103 Demosthenes
762 1079 799 1103 c·
832 1065 1026 1103 Timocr·
1060 1064 1159 1111 747,
1192 1066 1258 1105 27.
1295 1064 1513 1117 queritur,
1559 1065 1858 1105 Timocratem
1888 1065 2011 1120 lege,
2061 1080 2148 1119 qua
2178 1068 2377 1118 tulisset,
2424 1081 2479 1107 ne

120 1137 291 1191 publici
325 1138 550 1178 debitores
584 1145 752 1178 temere
786 1138 830 1177 in
866 1152 1093 1177 carcerem
1124 1137 1474 1187 conficerentur,
1492 1137 1657 1178 iudicia
1677 1132 1817 1192 ἄκυρα
1846 1136 1930 1178 τῶν
1961 1136 2316 1193 προςτιμημάτων
2331 1139 2478 1182 facere

120 1211 336 1252 voluisse:
370 1226 419 1251 ex
451 1211 536 1252 hoc
571 1212 664 1266 ipso
699 1212 798 1252 loco
831 1212 960 1253 facile
992 1212 1186 1267 colliges,
1221 1212 1339 1251 illam
1370 1210 1617 1252 custodiam
1647 1224 1736 1251 non
1759 1217 1846 1252 tam
1862 1225 2050 1266 poenam
2067 1211 2239 1253 fuissea
2262 1195 2482 1253 iudicibus

122 1285 383 1340 impositam,
417 1300 555 1341 quum
584 1285 778 1341 pecunia
809 1286 965 1335 soluta,
1001 1285 1084 1325 nisi
1117 1284 1251 1339 κλοπῆ
1285 1291 1411 1336 esset,
1445 1285 1575 1325 ianua
1606 1285 1698 1340 ipsa
1728 1285 1784 1326 ad
1812 1285 2058 1327 exeundum
2076 1291 2261 1340 pateret,
2285 1288 2330 1336 ¹²)
2353 1300 2483 1341 quam

123 1360 352 1414 querelam
385 1375 554 1412 eorum,
588 1360 749 1416 quibus
783 1360 978 1400 severius
1018 1359 1156 1400 visum
1188 1360 1243 1399 sit
1277 1360 1400 1399 iusto
1434 1360 1598 1401 diutius
1631 1360 1675 1400 in
1707 1359 1895 1401 vinculis
1925 1359 2125 1400 retineri.
2185 1359 2275 1399 Iam
2304 1359 2484 1403 Ulricus

124 1434 151 1472 l.
184 1434 209 1472 l.
245 1449 293 1473 ex
326 1434 401 1473 illo
435 1435 621 1474 solemni
655 1433 957 1482 iureiurando,
994 1433 1113 1489 quod
1165 1433 1345 1489 legimus
1392 1435 1507 1488 apud
1556 1434 1782 1476 Demosth.
1829 1448 1868 1474 c.
1914 1433 2108 1481 Timocr.
2154 1448 2197 1487 p.
2238 1431 2354 1482 746,
2396 1446 2485 1487 quo

121 1507 290 1548 iudices
324 1524 370 1549 se
402 1509 538 1548 multa
568 1509 779 1557 facturos,
811 1509 949 1548 multa
981 1523 1070 1547 non
1103 1507 1297 1548 facturos
1331 1507 1587 1558 esse‚fldem
1603 1507 1784 1559 faciunt,
1805 1520 1951 1562 neque
1971 1522 2179 1561 umquam
2196 1504 2483 1561 pollicentur,

124 1583 242 1622 nolle
273 1597 319 1622 se
353 1598 622 1637 quemquam
654 1582 697 1622 in
748 1581 995 1621 custodiam
1044 1581 1108 1621 ire
1155 1581 1334 1632 iubere,
1385 1583 1595 1638 colligere
1644 1582 1845 1631 videtur,
1891 1580 2024 1621 fuisse
2072 1579 2157 1635 hoc
2200 1580 2244 1620 in
2290 1578 2488 1622 iudicum

120 1661 364 1708 potestate,
398 1662 446 1694 ut
478 1670 611 1711 quem
645 1656 807 1695 vellent
842 1655 1044 1694 libertate
1083 1655 1325 1708 privarent.
1385 1655 1441 1694 At
1482 1655 1559 1711 qui
1602 1654 1663 1695 ita
1708 1654 1931 1703 sentiunt,
1978 1653 2108 1694 velim
2156 1641 2373 1709 cogitent}
2410 1652 2487 1693 illo

121 1729 427 1780 iureiurando,
460 1730 550 1770 sive
583 1744 679 1770 eam
710 1729 945 1769 formulam
975 1742 1126 1768 veram
1163 1734 1206 1768 et
1226 1726 1463 1783 genuinam
1495 1741 1588 1767 esse
1622 1726 1867 1776 arbitraris,
1905 1741 2035 1780 quam
2049 1726 2367 1770 Demosthenes
2400 1726 2427 1765 l.
2461 1726 2486 1764 l.

121 1807 311 1855 exhibet,
332 1805 429 1855 (etsi
462 1805 529 1844 vix
561 1804 677 1843 ullus
710 1818 805 1844 esse
836 1808 997 1857 potest,
1031 1801 1108 1857 qui
1142 1816 1234 1841 eam
1253 1815 1340 1840 non
1360 1816 1384 1839 a
1403 1800 1698 1840 Grammatico
1727 1799 1933 1855 quodam,
1971 1799 2048 1840 sed
2067 1799 2120 1839 ab
2143 1799 2322 1839 homine
2344 1799 2489 1855 legum

119 1880 365 1919 Atticarum
402 1893 490 1917 non
524 1877 744 1930 imperito,
775 1877 1021 1930 profectam
1053 1888 1147 1914 esse
1181 1877 1339 1927 neget,)
1374 1874 1464 1913 sive
1496 1873 1614 1913 illam
1631 1873 1779 1923 mavis,
1800 1887 1931 1927 quam
1949 1872 2171 1912 duumviri
2188 1871 2484 1925 celeberrimi,

122 1953 317 1993 Meierus
350 1958 394 1991 et
425 1951 745 1999 Scliomannus,
779 1948 1084 2003 protulerunt,
1121 1949 1167 1998 ¹³)
1199 1946 1367 1986 iudices
1399 1946 1531 2002 magis
1566 1945 1703 1987 iussos
1738 1960 1860 1997 esse,
1906 1944 2088 1997 videre,
2132 1951 2181 1985 ut
2211 1938 2485 2001 magistratus

122 2029 239 2070 bene
272 2026 497 2067 civitatem
527 2023 904 2073 administrarent,
934 2027 1029 2061 tum
1061 2034 1116 2060 ne
1149 2018 1256 2074 quid
1289 2019 1434 2069 lieret,
1469 2034 1557 2075 quo
1590 2019 1734 2074 patria
1779 2019 1823 2058 in
1873 2019 2108 2059 discrimen
2157 2018 2485 2068 adduceretur,

122 2107 172 2144 ut
189 2100 385 2157 denique
406 2113 503 2142 eam
534 2096 858 2153 rempublicam
892 2095 1161 2135 ineolumem
1191 2098 1417 2150 praestare
1450 2099 1494 2134 et
1523 2099 1786 2148 perpetuam
1817 2107 1993 2133 servare
2025 2093 2202 2144 vellent,
2236 2106 2365 2147 quam
2382 2091 2486 2131 Solo

125 2176 402 2224 instituisset,
437 2187 570 2229 quam
602 2169 800 2210 iudicum
836 2170 987 2208 officiis
1020 2169 1106 2207 rite
1136 2168 1271 2223 fungi.
1347 2169 1453 2206 Nam
1494 2174 1808 2221 praeterquam
1841 2167 1961 2222 quod
1983 2182 2037 2205 -se
2069 2168 2289 2205 neminem
2321 2165 2487 2204 indicta

120 2264 250 2290 eausa
283 2250 395 2288 velle
429 2248 744 2297 condemnare,
778 2257 923 2299 neque
957 2259 981 2283 a
1016 2257 1239 2298 quoquam
1272 2243 1387 2281 dona
1419 2242 1623 2295 accipere
1654 2242 1934 2294 profitentur,
1973 2240 2080 2277 nihil
2114 2241 2157 2277 in
2191 2240 2264 2277 illa
2297 2238 2486 2277 formula

124 2337 215 2363 esse
251 2322 440 2372 videtur,
477 2320 598 2376 quod
631 2319 685 2360 ad
718 2317 945 2358 iudicandi
988 2316 1356 2370 disceptandique
1405 2315 1657 2353 facultatem
1702 2316 1937 2368 pertineat.
2013 2313 2289 2351 Pollicentur
2337 2312 2483 2361 iidem,

122 2412 168 2438 se
204 2397 425 2437 neminem
466 2401 623 2435 contra
656 2394 769 2449 leges
805 2399 848 2432 et
880 2392 1079 2431 instituta
1111 2390 1328 2430 maiorum
1359 2389 1403 2427 in
1437 2388 1612 2429 exilium
1644 2388 1866 2438 missuros,
1900 2387 1943 2426 in
1977 2400 2158 2426 carcere
2189 2399 2295 2425 vero
2328 2391 2485 2425 contra

122 2606 160 2641 9)
191 2606 343 2638 Heffter.
372 2618 408 2650 p.
441 2606 528 2641 376.

126 2676 187 2712 10)
216 2675 401 2705 Tironum
433 2684 543 2705 causa
572 2671 686 2704 verba
713 2671 904 2703 monuisse
934 2669 1023 2702 satis
1068 2669 1160 2710 erit,
1194 2667 1407 2709 Miltiade-m
1438 2678 1476 2700 re
1505 2678 1591 2699 vera
1622 2662 1774 2710 quidem
1804 2661 2017 2697 damnatum
2047 2662 2175 2705 fuisse,
2205 2662 2364 2709 epist-ata
2393 2672 2481 2695 vero

227 2746 429 2785 prytanum
476 2737 744 2772 intercedente
790 2749 866 2770 non
912 2737 950 2770 in
981 2748 1167 2770 carcerem
1197 2734 1400 2769 abductum
1432 2745 1525 2773 esse,
1555 2731 1621 2766 sed
1650 2730 1751 2765 domi
1781 2731 1970 2765 mansisse.
2012 2730 2079 2764 Hic
2107 2741 2191 2764 eum
2221 2729 2320 2775 gravi
2348 2727 2480 2762 morbo

228 2808 470 2843 conflictatus
497 2806 629 2853 paucis
669 2803 803 2838 diebus
847 2808 935 2850 post
975 2810 1145 2838 mortuus
1187 2808 1256 2838 est.
1311 2802 1398 2837 Rem
1441 2801 1509 2835 tali
1538 2798 1650 2834 modo
1679 2803 1817 2844 gestam
1845 2798 1959 2833 fuisse
1989 2802 2094 2843 patet
2123 2807 2143 2831 e
2173 2795 2339 2830 Platonis
2369 2795 2479 2841 Gorg.

226 2889 263 2923 p.
294 2878 378 2913 516.
410 2877 455 2910 D.
486 2875 553 2908 ubi
583 2873 658 2909 vid.
690 2872 888 2907 Heindorf.
918 2883 955 2917 p.
986 2870 1072 2909 241.
1102 2884 1214 2919 quam
1245 2871 1442 2905 Cornelius
1471 2869 1599 2915 Nepos
1631 2868 1670 2901 in
1698 2866 1873 2900 Miltiade
1903 2878 1983 2911 cap.
2017 2868 2052 2901 7.
2083 2865 2370 2913 iusto'brcvius
2399 2874 2483 2897 nar-

228 2946 332 2978 ravit
370 2945 503 2990 Neque
535 2940 747 2976 Bocckhius
780 2942 818 2975 in
850 2943 995 2974 Oecou.
1025 2941 1133 2975 Civil.
1162 2938 1299 2975 Athen.
1328 2939 1371 2973 T.
1402 2940 1427 2971 Ι.
1458 2950 1492 2983 p.
1524 2935 1612 2976 421.
1644 2936 1718 2970 loci
1748 2935 1936 2969 Platonici
1966 2934 2041 2968 fuit
2066 2944 2219 2966 memor.

125 3016 187 3056 11)
215 3013 330 3047 Ulrie.
361 3025 396 3058 p
427 3013 511 3049 228.
542 3010 621 3045 obs.
651 3011 688 3047 9.

123 3087 184 3125 12)
212 3082 304 3117 Plat.
335 3081 450 3126 Apol
475 3080 578 3113 Socr.
607 3091 643 3126 p.
672 3079 733 3114 37.
765 3077 804 3111 C.
833 3078 941 3112 Dem.
970 3089 999 3111 e.
1032 3077 1196 3111 Timocr.
1224 3087 1261 3123 p·
1291 3076 1387 3117 721,
1418 3076 1450 3110 1.
1480 3072 1560 3108 adv.
1584 3071 1684 3107 Mid.
1713 3073 1802 3115 529,
1832 3072 1894 3111 26.
1935 3070 2022 3105 vid.
2060 3070 2276 3116 Interprett.
2307 3068 2353 3103 ad
2382 3067 2477 3114 Nep.

228 3148 392 3185 Miltiad.
425 3151 457 3186 7.
490 3153 529 3182 et
557 3147 648 3182 Cim.
682 3150 712 3184 1.

125 3220 185 3261 13)
212 3217 304 3253 Δῑι.
339 3218 468 3253 Proc.
500 3228 535 3264 p.
570 3218 652 3253 128.
685 3214 762 3248 obs.
798 3216 856 3251 10-
