2651 3489
82 749 85 768 ι
288 715 432 790 ΒΕ
497 690 1304 790 UNDEcinmis
1368 699 2235 789 ATHENmNanM.

742 1117 760 1133 .

201 1172 514 1221 Auriouiuris
547 1169 824 1226 disciplinam
854 1170 932 1227 qui
963 1176 1114 1225 nostra
1141 1168 1415 1226 potissimum
1447 1174 1590 1211 aetate
1620 1174 1745 1210 recte
1774 1174 1967 1209 tractare
1999 1168 2239 1213 voluerunt
2250 1199 2264 1220 ‚
2307 1175 2358 1209 ut
2388 1170 2432 1210 in

91 1245 362 1287 illustrandis
387 1251 588 1286 veterum
612 1244 880 1301 scriptorum
895 1243 1188 1285 monumentis
1208 1256 1296 1284 non
1314 1243 1359 1283 in
1377 1242 1555 1284 minutis
1575 1243 1922 1300 quaestiunculis
1940 1242 2174 1295 solvendis,
2192 1243 2237 1283 in
2260 1242 2434 1300 syllabis

90 1336 142 1363 ac
165 1312 395 1363 litei-arum
418 1320 513 1361 fere
537 1318 735 1374 apicibus
753 1318 1085 1375 conquirendis,
1106 1318 1151 1359 iu
1170 1318 1397 1372 erroribus
1414 1317 1607 1373 denique
1624 1318 1909 1359 librariorum
1927 1317 2259 1374 redarguendis,
2279 1333 2433 1374 quam-

92 1410 223 1452 quam
242 1394 352 1436 haec
381 1408 562 1450 quoque
588 1393 731 1447 studia
748 1407 876 1435 suum
905 1392 1070 1435 habent
1099 1392 1330 1438 honorem,
1348 1406 1561 1449 suamque
1592 1392 1861 1450 dignitatem,
1879 1392 2208 1434 subsistendum
2223 1406 2317 1434 esse
2336 1406 2436 1434 cre-

92 1467 409 1521 didcrunt,'ita‚
428 1468 505 1523 qui
522 1467 762 1508 tradendae
781 1458 1054 1508 Graecorum
1068 1469 1458 1524 Romanorumque
1486 1467 1697 1508 historiae
1726 1468 2002 1522 provinciam
2021 1473 2328 1522 susceperunt,
2346 1481 2436 1506 non

91 1542 193 1583 satis
223 1541 490 1591 habuerunt,
520 1541 671 1581 ieiuna
686 1555 837 1581 rerum
853 1547 974 1581 terra
990 1541 1190 1595 marique
1207 1546 1428 1596 gestarum
1444 1541 1725 1581 enarratione
1748 1542 2023 1582 audientium
2042 1542 2207 1581 animos
2239 1541 2436 1596 fatigare,

91 1622 167 1656 aut
183 1630 303 1656 mera
319 1630 538 1655 annorum
556 1614 889 1655 enumeratione
904 1613 1161 1655 memoriam
1177 1614 1375 1668 implere,
1406 1614 1484 1667 sed
1509 1614 1563 1655 *in
1584 1629 1637 1656 eo
1656 1614 1854 1669 inprimis
1874 1629 2055 1670 operam
2072 1629 2193 1656 suam
2211 1614 2435 1655 collocare

91 1695 352 1743 coeperunt,
369 1693 419 1726 ut
440 1687 668 1737 docerent,
700 1687 839 1741 qualis
859 1693 973 1728 esset
988 1687 1176 1728 interior
1192 1701 1344 1728 rerum
1356 1687 1637 1741 publicarum
1654 1693 1789 1728 status
1808 1693 1941 1743 atque
1959 1687 2303 1743 conditi05quae
2321 1688 2436 1729 vitae

93 1761 359 1812 domesticae
377 1759 670 1810 consuetudo,
688 1759 764 1816 qui
782 1775 1009 1802 sacrorum
1026 1760 1151 1810 ritus,
1172 1774 1286 1815 quae
1301 1760 1369 1802 rei
1385 1760 1584 1801 militaris
1600 1761 1717 1818 ‘ratio
1736 1767 1868 1816 atque
1884 1761 2129 1816 disciplina,
2145 1762 2223 1816 qui
2239 1763 2433 1816 vectiga-

92 1822 202 1876 liiim
228 1834 624 1890 percipiendorum
651 1834 821 1885 modus,
852 1850 966 1889 quae
998 1834 1191 1890 denique
1222 1834 1331 1875 iuris
1368 1834 1605 1891 legumque
1644 1834 1916 1876 constitutio.
1951 1836 2052 1888 Quo
2076 1836 2240 1876 factum
2271 1840 2357 1886 est,
2390 1840 2439 1875 ut

92 1909 418 1950 recentioribus
450 1908 648 1963 inprimis
680 1910 968 1965 temporibus,
999 1909 1159 1965 quibus
1191 1908 1368 1950 scholae
1399 1910 1530 1965 plura
1560 1916 1605 1952 et
1634 1910 1834 1966 graviora
1865 1908 1948 1949 sibi
1978 1909 2347 1967 vindicaverunt,
2394 1910 2439 1961 ii,

68 1983 172 2040 *qui
202 1984 362 2024 veteris
392 1984 603 2023 historiae
633 1982 862 2023 docendae
893 1997 1051 2023 munus
1084 1998 1166 2039 per
1196 1998 1241 2024 se
1288 1983 1579 2040 gratissimum
1627 1990 1672 2022 et
1717 1982 2082 2023 iucundissimum
2128 1989 2437 2038 susceperunt,

95 2063 172 2096 aut
200 2044 245 2095 in
277 2056 619 2111 interpretandis
651 2056 844 2112 antiquis
876 2057 1166 2110 scriptoribus
1197 2072 1376 2111 operam
1407 2057 1761 2105 collocaverunt,
1794 2063 2064 2111 querantur,
2110 2058 2251 2111 quod,
2300 2072 2439 2111 quum

89 2131 449 2170 «doctissimorum
479 2131 678 2169 virorum
709 2130 853 2169 studio
888 2137 933 2169 et
964 2130 1116 2170 labore
1147 2132 1269 2179 fines,
1300 2131 1460 2185 quibus
1492 2131 1731 2184 antiquitas
1763 2129 1818 2170 ad
1851 2137 2046 2170 nostram
2076 2146 2217 2185 usque
2249 2137 2437 2172 aetatem

94 2204 429 2259 circumscripta
461 2210 538 2255 est,
571 2205 615 2242 in
647 2204 739 2243 dies
770 2205 1055 2259 proferantur
1087 2210 1131 2243 et
1161 2204 1500 2258 amplificentur,
1531 2210 1703 2258 tempus
1744 2204 1811 2242 vix
1859 2211 2063 2258 suppetat
2102 2211 2169 2244 tot
2200 2205 2438 2260 *tantisque

93 2278 226 2318 rebus
259 2290 348 2318 non
381 2277 480 2317 dico
514 2277 780 2333 explicandis
822 2281 867 2317 et
912 2277 1216 2333 expediendis,
1259 2277 1335 2315 sed
1377 2277 1631 2316 enarrandis
1679 2284 1724 2315 et
1769 2280 2067 2317 recensendis.
2150 2281 2298 2329 Quum
2330 2294 2437 2318 vero

94 2352 308 2391 nonnulla
340 2364 388 2391 ex
434 2352 484 2390 iis
525 2352 586 2391 ita
636 2358 889 2406 comparata
929 2352 1037 2401 sint,
1082 2358 1131 2391 ut
1160 2355 1229 2390 vix
1256 2350 1307 2390 iis
1339 2351 1630 2404 supersedere
1660 2353 1813 2405 possit,
1846 2352 1922 2407 qui
1955 2353 2215 2392 interiorem
2246 2354 2438 2407 aliquam

95 2439 197 2465 cum
226 2427 511 2481 antiquorum
540 2428 810 2481 populorum
840 2427 927 2464 vita
960 2433 1004 2465 et
1032 2426 1228 2465 moribus
1246 2425 1514 2465 contrahere
1535 2426 1684 2480 cupiat
1705 2426 2024 2485 cognitionem,-
2039 2426 2174 2466 multa
2198 2427 2439 2467 subsecivis

93 2499 213 2540 horis
245 2500 539 2556 relinquenda
570 2507 615 2541 et
645 2501 689 2541 in
722 2502 861 2541 otium
891 2500 1061 2541 beatius
1087 2499 1429 2540 transmittenda
1459 2506 1575 2539 sunt.
1644 2503 1740 2540 Non
1780 2501 1893 2541 male
1925 2501 2060 2558 igitur
2091 2502 2121 2541 ii
2152 2502 2260 2542 mihi
2290 2504 2439 2543 facere

97 2559 315 2625 videntur,
349 2575 426 2631 qui
458 2589 507 2616 ex
537 2575 619 2616 hac
652 2574 818 2630 ingenti
850 2567 1120 2630 antiquitatis
1154 2574 1283 2630 copia
1312 2588 1444 2614 unam
1473 2574 1710 2616 alteramve
1741 2575 2004 2630 particulam
2035 2575 2136 2616 data
2168 2576 2437 2632 opportuni-

94 2651 184 2689 tate
215 2646 481 2703 depromere
513 2654 556 2691 et
587 2644 769 2691 uberius
801 2648 855 2693 de
888 2662 939 2691 ea
969 2661 1119 2690 coram
1136 2648 1361 2706 discipulis
1379 2663 1599 2706 exponere
1614 2649 1872 2705 suscipiunt.
1906 2650 2029 2702 Quos
2049 2649 2165 2690 enim
2184 2650 2436 2707 diligentius

96 2729 276 2779 oportet
306 2724 469 2766 docere
499 2730 828 2781 praeceptoreS,
861 2740 970 2782 quos
1002 2723 1280 2781 frequentius
1313 2723 1492 2780 alloqui,
1525 2723 1859 2781 quos-denique
1877 2724 1998 2764 omni
2022 2724 2299 2776 eruditionis,
2324 2738 2439 2781 quae

96 2797 151 2843 ad
181 2791 495 2838 humanitatem
525 2800 758 2854 pertineat,
789 2816 952 2855 genere
985 2800 1204 2840 instruere
1236 2805 1282 2840 et
1312 2799 1433 2853 quasi
1466 2812 1650 2848 armare,
1682 2814 1809 2853 quam
1844 2799 2083 2853 discipulos
2115 2798 2243 2839 suos?
2305 2798 2438 2851 Quod

98 2870 231 2925 igitur
270 2873 588 2928 praeeuntibus
635 2873 894 2914 doctissimis
944 2874 1074 2925 viris,
1123 2873 1198 2929 qui
1245 2872 1300 2914 de
1346 2874 1441 2913 iure
1491 2874 1635 2913 Attico
1685 2873 1987 2928 scripserunt,
2037 2872 2270 2928 equidem.
2303 2888 2438 2928 quum

41 2955 47 2959 ·
98 2944 319 3001 Gymnasii
351 2948 489 2988 nostri
521 2948 732 2989 solemnia
763 2948 848 2988 hoc
880 2963 1059 3004 quoque
1091 2962 1206 2987 anno
1237 2948 1321 2989 rite
1362 2948 1627 2989 celebranda
1677 2947 1876 2990 indicere
1922 2949 2116 2990 muneris
2149 2950 2234 2987 mei
2267 2949 2438 2988 ratione

99 3026 143 3059 et
172 3022 435 3062 auctoritate
468 3024 606 3062 iussus
640 3037 791 3074 essem,
817 3023 871 3063 de
902 3022 1228 3063 Undecimviris
1247 3025 1364 3078 apud
1395 3025 1682 3065 Athenienses
1716 3024 1931 3065 disserere
1966 3025 2110 3073 statui,
2142 3024 2227 3064 hoc
2262 3039 2346 3063 non
2387 3039 2438 3063 eo

76 3094 283 3134 1consilio
305 3094 470 3149 ,fecisse
502 3096 607 3136 mihi
640 3096 806 3147 videor,
840 3111 927 3151 quo
958 3111 1056 3137 mea
1087 3111 1228 3153 caque
1262 3113 1370 3139 nova
1404 3105 1447 3140 et
1476 3099 1866 3154 prorsusinaudita
1884 3099 2236 3155 profcrrem‚sed
2252 3113 2339 3153 quo
2374 3112 2438 3147 ea,

101 3168 217 3219 quae'
245 3167 298 3208 ab
334 3168 516 3210 eruditis
550 3169 654 3210 viris
686 3170 910 3225 'explorata
941 3175 985 3212 et
1016 3177 1135 3216 extra
1167 3186 1343 3214 omnem
1375 3173 1694 3216 dubitationem
1727 3180 1829 3214 suut
1858 3174 2020 3230 posita,
2068 3186 2168 3214 cum
2200 3172 2441 3229 discipulis,

2073 3240 2093 3280 1
